2067 3667
505 321 641 390 ¹04
750 300 821 370 C.
877 302 1147 369 Vsu.
1196 295 1310 367 ΡΛ
1338 312 1600 369 nac.

497 416 690 480 cissent
705 462 724 492 ,
747 432 1021 501 quantum
1041 415 1371 493 reipublicae
1397 412 1691 496 interfuit,
1712 410 1855 477 Cn:
1866 432 1874 440 ·

503 498 694 561 sarem
715 500 906 581 potius
925 497 1133 557 habere
1158 494 1329 578 quam
1348 494 1670 558 Antonium
1682 499 1847 577 ⁴prin-

502 583 739 662 cipem3
775 595 994 639 tantum
1036 574 1307 638 retulisset
1347 576 1559 637 habere
1606 574 1847 637 Brutum

548 661 676 721 uam
719 656 1002 722 Cassium.
1052 656 1163 718 Cn.
1203 656 1495 733 Domitius
1517 701 1538 731 ‚
1572 673 1735 737 pater
1776 655 1845 719 L.

501 682 752 801 ssomitii
771 784 794 811 ,
825 760 1007 821 nuper
1028 760 1062 797 a
1087 737 1257 798 nobis
1288 738 1400 797 visi
1422 782 1443 811 ,
1473 738 1852 797 eminentissi-

501 841 614 881 mae
643 842 708 881 ac
741 820 1108 880 nobilissimae
1141 818 1513 900 simplicitatis
1540 820 1681 890 viri,
1707 838 1848 878 avus

501 899 671 981 hujus
701 899 813 963 Cn.
847 898 1100 961 Domitii
1127 898 1417 959 clarissimi
1444 895 1716 977 juvenis,
1749 919 1849 959 oc-

501 983 722 1063 cupatis
760 981 1037 1052 navibus,
1076 1000 1209 1040 cum
1244 996 1456 1060 magno
1494 977 1851 1061 sequentium

502 1061 742 1123 consilia
775 1058 872 1121 sua
906 1062 1181 1121 comitatu
1214 1058 1363 1141 fugae
1400 1057 1756 1141 fortuneque
1792 1058 1851 1119 se

506 1142 798 1203 commisit
818 1186 841 1213 ,
870 1137 1175 1221 semetipso
1203 1155 1506 1201 contentus
1540 1139 1687 1200 duce
1725 1154 1855 1221 par-‘-
1880 1178 1887 1185 ·

505 1226 668 1282 tium.
705 1220 910 1283 Statius
936 1220 1208 1293 Murcus,
1242 1223 1341 1301 qui
1377 1220 1541 1281 classi
1568 1220 1634 1281 δι
1662 1218 1852 1281 custo-

509 1302 618 1362 diae
644 1304 814 1361 maris
841 1300 1146 1382 praefiierat
1167 1343 1190 1373 ‚
1211 1320 1345 1361 cum
1370 1302 1530 1361 omni
1562 1298 1855 1361 commissa

508 1383 616 1441 sibi
635 1399 796 1463 parte
815 1380 1098 1443 exercitiis
1118 1383 1471 1461 naviumque
1486 1425 1505 1455 ,
1529 1380 1661 1442 Sex.
1686 1381 1856 1442 Pom-

503 1465 704 1545 peium
735 1458 847 1523 Cn.
871 1461 1073 1544 Magni
1105 1458 1285 1520 filium
1305 1504 1324 1533 ‚
1357 1463 1455 1543 qui
1483 1481 1555 1521 ex
1586 1460 1857 1543 Hispania

508 1559 805 1604 revertens
833 1541 1083 1606 Siciliam
1115 1544 1287 1601 armis
1307 1559 1691 1623 occupaverat
1711 1585 1730 1616 ,
1757 1562 1857 1624 pe-

507 1625 624 1696 tit.;
661 1623 734 1682 ad
769 1644 940 1703 quem
970 1624 1037 1684 ὃ(
1062 1642 1097 1683 e
1117 1622 1397 1683 Brutianis
1422 1621 1613 1684 castris
1632 1668 1651 1697 ,
1687 1624 1751 1685 ὅ(
1784 1642 1857 1683 ex

509 1702 673 1763 Italia
693 1701 924 1784 aliisque
941 1720 1222 1763 terrarum
1242 1704 1491 1785 partibus
1505 1747 1524 1777 ,
1549 1722 1695 1786 quos
1714 1722 1859 1784 prae-

509 1782 654 1844 se'nti
704 1783 958 1863 periculo
1007 1782 1238 1844 fortuna
1284 1782 1620 1844 subduxerat
1654 1828 1675 1857 ,
1718 1805 1859 1863 pro-

509 1862 703 1945 scripti
726 1862 1093 1925 confluebant
1116 1865 1253 1945 &qui
1299 1884 1372 1943 pe
1396 1864 1613 1924 nullum
1640 1864 1891 1925 bahem·

509 1944 660 2007 tibus
703 1942 908 2007 statum
955 1944 1196 2025 quilibet
1279 1964 1354 2004 ux
1400 1961 1520 2005 erat
1570 1943 1861 2019 idoneus3

512 2046 693 2107 quum
721 2023 953 2087 fortuna
987 2046 1109 2084 non
1143 2023 1483 2085 elefflonem
1523 2024 1721 2100 daret,
1758 2023 1861 2085 sed

511 2103 836 2188 perfugium
866 2103 1197 2165 ostenderet
1228 2127 1247 2179 ;
1286 2106 1688 2187 exitialemque
1719 2121 1863 2165 tem-

513 2184 789 2267 pestatem
811 2185 868 2245 fu
911 2185 1155 2246 ’entibus
1179 2184 1341 2247 statio
1362 2207 1471 2267 pro
1495 2203 1663 2268 portu
1686 2184 1861 2247 foret.

596 2206 935 2329 LXXII?
977 2265 1463 2327 Hic-adolescens
1507 2283 1627 2327 erat
1664 2264 1861 2326 studiis

509 2346 668 2405 rudis
685 2392 706 2419 ,
726 2346 990 2407 sermone
1009 2347 1279 2407 barbarus
1293 2390 1312 2419 ,
1331 2349 1550 2427 impetu
1571 2345 1862 2419 strenuuS,

512 2447 686 2487 manu
729 2439 1026 2505 promptus
1050 2470 1077 2497 ,
1116 2448 1187 2487 co
1228 2428 1461 2485 itatione
1508 2426 1663 2487 celer
1682 2470 1702 2500 ,
1744 2425 1861 2487 fide

503 2538 508 2544 ·
588 2509 658 2565 tri
692 2506 1141 2580 dissimillimus,
1174 2447 1508 2567 ligbertorum
1543 2506 1773 2569 suorum
1800 2509 1865 2567 li·-

511 2528 708 2645 ffirtus
746 2629 765 2659 ,
819 2586 1231 2669 servorumque
1290 2586 1485 2669 seryus
1525 2632 1544 2662 ,
1595 2586 1867 2669 speciosis

512 2666 776 2727 invidens
800 2710 819 2741 ‚
870 2684 933 2726 ut
979 2684 1205 2747 pareret
1252 2668 1580 2729 humillimis
1626 2690 1640 2728 :
1690 2684 1889 2747 quem3

513 2745 732 2810 senatus
785 2766 937 2829 pene.
979 2764 1132 2809 totus
1184 2748 1369 2811 adhuc
1417 2770 1450 2811 e
1498 2748 1877 2831 Pompeianis(
