2067 3667
607 281 1056 352 LIBER
1151 280 1213 351 I.
1483 305 1572 378 43

222 395 517 464 Fabricius
539 395 793 462 oblatam
822 398 931 460 sibi
964 418 999 456 a
1033 417 1170 480 rege
1201 397 1426 478 imperii
1449 420 1585 479 par-

224 497 349 542 tem
382 501 445 539 re
489 479 722 542 udiavit.
758 477 877 538 vel
914 481 973 538 in
1012 498 1153 558 pace
1188 477 1210 538 ἓ
1244 499 1422 560 quum
1459 476 1584 542 Cu-

218 563 341 622 rius
378 557 418 620 fi
472 559 565 620 ilia
600 559 697 620 sua
730 557 1042 619 Samnitico
1071 557 1366 640 praeferret
1393 581 1579 634 auro;

219 640 517 702 Fabricius
555 641 761 701 decem
797 640 997 722 pondo
1032 642 1254 723 argenti
1282 641 1430 700 circa
1455 639 1581 700 Ru-

218 719 405 784 finum
454 719 813 784 consularem
856 723 1045 782 virum
1099 724 1259 803 quasi
1297 721 1580 781 luxuriam

220 801 481 866 censoria
530 805 803 899 gravitate
852 802 1168 863 damnaret.
1225 799 1380 882 Quis
1438 821 1581 884 ergo

218 886 458 946 miretur
492 883 578 942 h1s
603 883 864 944 moribus
881 930 898 954 ‚
926 884 1033 943 hac
1055 885 1267 944 virtute
1293 883 1542 944 militum
1558 928 1581 958 ‚

218 963 510 1026 viEiorem
541 985 618 1045 po
663 963 823 1022 ulum
853 963 1186 1024 Romanum
1209 960 1364 1022 fuisse
1386 961 1408 1021 ?
1434 983 1581 1023 uno-

218 1063 338 1126 que
386 1043 546 1103 bello
643 1045 903 1102 arentino
952 1045 1099 1102 intra
1141 1042 1584 1124 quadriennium

170 1197 179 1204 ⁸
220 1125 537 1186 maximam
566 1140 790 1204 partem
818 1119 1040 1196 Italiae,
1071 1120 1406 1182 fortissimas
1476 1143 1583 1182 en·-

222 1219 313 1264 tes
335 1249 356 1276 ,
394 1203 858 1286 opulentissimas
900 1203 1117 1274 urbes,
1155 1143 1583 1284 uberrimaffque

223 1287 495 1366 regiones
526 1285 585 1342 in
618 1284 901 1343 ditionem
926 1281 1207 1366 redegiss'e
1233 1283 1258 1344 ἓ
1288 1282 1412 1344 Aut
1438 1280 1582 1364 quid

221 1365 375 1426 adeo
396 1363 571 1424 fidem
592 1363 850 1444 superet,
872 1363 1046 1445 quam
1071 1367 1116 1424 si
1141 1365 1418 1445 principia
1439 1363 1581 1424 belli

204 1467 357 1507 tum
385 1449 539 1506 exitu
572 1443 1194 1506 conferantur2Viaor
1211 1447 1402 1526 primo
1428 1465 1584 1526 proe-

218 1527 308 1588 lio
332 1527 587 1608 Pyrrhus
602 1573 623 1602 ‚
649 1527 776 1588 tota
800 1542 1086 1586 tremente
1112 1525 1276 1586 Italia
1291 1571 1308 1595 ‚
1331 1523 1581 1607 Campa-

220 1609 409 1678 niam,
429 1606 608 1667 Lirim
624 1654 641 1676 ,
658 1606 1058 1686 Fregellasque
1083 1605 1387 1686 populatus
1403 1647 1423 1674 ,
1445 1624 1584 1684 pro-

270 1688 302 1746 ὲ
332 1703 561 1768 captam
596 1687 826 1747 Urbem
850 1707 885 1743 a
915 1683 1256 1766 Praengestina
1287 1705 1420 1744 arce
1447 1705 1582 1766 pro-

248 1771 409 1850 pexit
442 1790 461 1840 ;
500 1769 563 1830 ὅ(
602 1787 637 1826 a
670 1765 1196 1848 vigesimoslapide
1231 1765 1432 1826 oculos
1469 1783 1594 1826 tre-

202 1855 209 1860 ’
264 1849 375 1908 idae
412 1851 655 1908 civitatis
696 1846 857 1908 fumo
898 1867 965 1906 ac
1008 1845 1249 1927 pulvere
1293 1847 1578 1926 implevit.
1609 1891 1622 1898 -

218 1871 450 1990 Eodem
488 1927 688 2009 postea
726 1928 815 1988 bis
854 1943 1032 1986 exuto
1069 1925 1257 1987 castris
1287 1971 1307 2000 ‚
1337 1927 1426 1986 bis
1455 1926 1582 1990 sau-

221 2011 359 2080 ci0‚
400 2012 465 2070 &
496 2012 555 2068 in
593 2007 883 2070 Graeciam
928 2006 1083 2067 suam
1122 2024 1278 2066 trans
1312 2027 1470 2066 mare
1512 2029 1580 2068 ac

221 2105 399 2150 terras
434 2087 634 2170 fugato
655 2133 675 2161 ,
711 2110 825 2171 pax
859 2089 925 2147 &
1040 2090 1122 2147 ’es
1153 2109 1173 2159 ;
1211 2089 1276 2148 &
1309 2103 1466 2146 tanta
1500 2084 1612 2148 de'

134 2237 141 2246 ,
220 2170 671 2251 opulentissimis
703 2184 793 2228 tot
825 2170 981 2248 genti
1022 2189 1088 2227 us
1122 2166 1299 2248 spolia
1319 2211 1338 2238 ,
1363 2183 1426 2226 ut
1451 2169 1580 2227 vic·

219 2252 431 2313 toriam
458 2249 617 2309 suam
641 2248 831 2308 Roma
852 2268 969 2306 non
994 2264 1246 2327 caperet.
1269 2245 1328 2304 N
1332 2266 1399 2305 ec
1422 2249 1580 2307 enim

220 2348 445 2392 temere
480 2329 629 2390 ullus
659 2327 951 2410 pulchrior
982 2329 1044 2386 in
1078 2327 1302 2386 Urbem
1331 2343 1428 2386 aut
1455 2326 1582 2407 spe·

223 2414 435 2472 ciosior
451 2413 775 2492 triumphus
794 2410 1042 2468 intravit.
1064 2407 1392 2488 Ante-hunc
1417 2407 1576 2468 diem

223 2491 403 2563 nihil,
434 2493 540 2551 nisi
572 2513 785 2573 pecora
812 2489 1160 2550 Volscorum
1190 2534 1210 2563 ‚
1246 2508 1448 2570 greges
1473 2485 1578 2548 Sa·-

222 2571 490 2632 binorum
508 2615 529 2643 ‚
562 2589 827 2654 carpenta
849 2570 1157 2632 Gallorum
1177 2614 1196 2641 ,
1223 2567 1396 2628 fraEia
1416 2567 1578 2628 Sam-

222 2653 407 2712 nitum
439 2671 595 2710 arma
626 2650 885 2712 vidisses:
910 2669 1033 2712 tum
1059 2653 1108 2710 si
1138 2652 1398 2730 captivos
1425 2649 1578 2730 aspi-

224 2752 387 2794 ceres
412 2773 436 2808 ,
479 2730 775 2810 Molossi,
817 2730 1069 2795 Thess'ali
1096 2775 1118 2807 ,
1163 2729 1522 2792 Macedones
1547 2771 1574 2804 ,
