2067 3667
437 284 720 363 Hisr.
775 277 1089 362 Lm‘m
1139 288 1249 363 ΙΙ.
1414 314 1493 391 53

127 407 396 473 desertus
442 430 508 471 ac
547 410 811 492 proditus
855 454 874 479 ,
917 402 1224 471 inviolatus
1270 432 1305 471 a
1347 406 1518 473 Sulla·

128 490 396 553 dimissus
436 490 536 552 est.
589 491 766 552 Adeo
808 494 963 551 enim
1011 489 1167 551 Sulla
1210 492 1501 553 dissimilis

125 572 244 633 fuit
263 572 518 633 bellator
547 592 614 632 ac
631 570 822 633 νὶξὶοῐ
845 617 865 643 ,
900 588 964 632 ut
998 572 1139 633 dum
1174 575 1355 634 vincit
1392 571 1521 632 'us-'-

127 655 366 713 tissime
399 653 586 713 lenior
607 697 627 728 ‚
661 651 792 735 post
823 651 1119 713 vistoriam
1154 655 1351 714 audito
1402 674 1501 714 ue·

126 736 204 794 rit
242 733 539 794 crudelior
575 755 589 793 z
628 754 760 792 nam
794 733 857 793 &
895 734 1187 796 consulem
1208 780 1231 807 ‚
1258 752 1323 794 ut
1348 754 1496 815 prae-

127 815 390 875 diximus
412 858 436 886 ,
463 811 948 892 exarmatum,Q.
964 812 1283 875 Sertorium
1301 860 1318 889 ,
1385 816 1515 877 roh*

127 898 340 978 quanti
372 916 512 955 mox
543 895 681 955 belli
712 892 899 955 facem
932 896 948 953 1
975 896 1041 956 &
1068 894 1281 955 multos
1308 837 1449 955 alios
1468 937 1491 969 ,

124 980 358 1059 potitus
389 995 591 1036 eorum
611 1020 630 1047 ,
655 976 872 1035 dimisit
892 975 1213 1036 incolumes
1239 998 1253 1035 ε
1282 976 1459 1036 credo
1477 1018 1498 1049 ,

125 1076 194 1118 ut
231 1059 295 1116 in
331 1056 548 1117 eodem
579 1056 814 1116 homine
844 1056 1087 1136 duplicis
1126 1077 1190 1115 ac
1228 1056 1500 1117 diversis-

123 1140 264 1198 simi
303 1135 482 1196 animi
517 1134 942 1218 conspiceretur
975 1136 1327 1217 exemplum.
1358 1135 1515 1197 Post·

121 1218 439 1279 vifiioriam
465 1262 489 1288 ,
531 1216 654 1298 qua⁴
689 1215 1043 1277 descendens
1082 1235 1345 1278 montem
1387 1216 1496 1278 Ti-

120 1298 248 1360 fata
289 1318 428 1358 cum
461 1296 533 1359 C.
571 1296 853 1357 Norbano
892 1316 1255 1359 concurrerat
1294 1297 1491 1374 Sulla,

121 1396 329 1463 grates
365 1377 570 1438 Dianae
591 1424 608 1448 ‚
632 1376 792 1457 cujus
831 1380 1047 1438 numini
1082 1381 1241 1459 regio
1278 1380 1377 1439 ina
1405 1378 1493 1439 sa·-

121 1477 288 1521 crata
341 1457 425 1519 est
453 1504 476 1531 ,
518 1456 741 1539 solvit3
780 1479 950 1539 aquas
1001 1457 1319 1518 salubritate
1365 1478 1493 1519 me-

120 1538 454 1621 dendisque
498 1538 836 1620 corporibus
881 1538 1111 1599 nobiles
1142 1580 1167 1613 ,
1212 1537 1493 1621 agrosque

119 1640 344 1683 omnes
379 1619 590 1679 addixit
623 1617 791 1679 Deae.
825 1617 1013 1697 Hujus
1050 1636 1225 1700 gratae
1258 1619 1495 1759 reliffiio·

115 1707 218 1765 nis
256 1702 597 1762 memoriam
641 1702 706 1761 ὅτ.
745 1698 1036 1779 inscriptio
1078 1698 1279 1779 templi
1324 1720 1355 1758 a
1421 1720 1494 1761 xa

116 1782 288 1867 posti
338 1781 626 1865 hodieque
663 1826 687 1853 ,
730 1783 794 1843 &
835 1779 1025 1841 tabula
1069 1776 1300 1843 testatur
1342 1801 1515 1843 aerea·

114 1870 280 1927 intra
319 1863 529 1924 aedem.
566 1929 573 1934 ,
1502 1876 1509 1883 ’

207 1944 452 2005 XXVI.
494 1944 636 2005 Inde
683 1941 943 2005 consules
981 1940 1179 2003 Carbo
1206 1944 1443 2003 »tertium
1462 1982 1515 2017 ‚-

114 2029 192 2090 &
209 2024 285 2087 C.
305 2024 528 2085 Marius
546 2072 565 2097 ,
589 2025 797 2106 septies
821 2021 1087 2084 Consulis
1108 2022 1257 2083 filius
1271 2068 1290 2096 ‚
1312 2044 1493 2084 annos

113 2124 298 2169 natus
337 2108 543 2189 viginti
579 2105 715 2179 sex,
749 2108 840 2167 vir
880 2108 1053 2164 animi
1091 2106 1270 2187 magis
1316 2105 1511 2185 quium·

112 2192 245 2251 aevi
289 2188 562 2269 paterni,
605 2187 782 2245 multa
825 2184 1166 2265 fortiterque
1212 2186 1448 2244 molitus
1474 2230 1495 2259 ,

110 2288 327 2351 neque
369 2266 604 2349 usquam
645 2266 883 2326 inferior
924 2268 1179 2343 nomine·
1202 2264 1445 2325 consulis
1473 2310 1493 2338 ,

110 2350 287 2433 apud
311 2346 701 2428 Sacriportum
721 2345 912 2428 pulsus
935 2369 968 2407 a
989 2345 1143 2406 Sulla
1164 2348 1285 2405 acie
1302 2390 1322 2417 ,
1347 2345 1517 2405 Prae-s

109 2428 293 2492 neste
321 2464 344 2501 9
382 2428 542 2511 quod
579 2428 708 2487 ante
742 2426 942 2487 natur&
977 2429 1261 2487 munitum
1296 2429 1495 2508 praesi-

109 2515 242 2573 diis
274 2508 608 2569 firmaverat
631 2554 652 2579 ,
675 2507 1193 2589 seexetcitumque
1224 2508 1516 2569 contulit.-

105 2594 224 2655 Ne
273 2589 416 2672 quid
453 2610 726 2671 umquam
758 2588 922 2648 malis
958 2588 1197 2669 publicis
1228 2586 1445 2648 deesset
1470 2631 1507 2661 ,·

104 2678 176 2735 in
215 2692 343 2755 qua
373 2672 601 2730 civitate
636 2669 860 2749 semper
878 2670 1183 2728 virtutibus
1213 2686 1517 2729 certatum*

102 2767 248 2817 era't
272 2796 294 2828 ,
345 2752 665 2813 certabatur
715 2745 1024 2811 sceleribus
1061 2748 1514 2889 3C⁰Pffm¹²sque=

1188 2850 1247 2911 11¹
