2067 3667
606 345 660 413 L
710 363 749 415 I
798 363 850 415 Β
903 364 951 413 ε
1002 364 1054 414 a
1153 346 1214 416 I.
1493 368 1578 440 19

247 485 1556 561 Μήδὲ-τ-Ξεθ

292 594 297 599 ’
566 612 995 685 CAPUT
1086 615 1239 685 vi

379 756 511 810 DE
582 754 949 809 SERVIO
1025 756 1414 814 TULLIO.

226 854 297 965 S
317 920 565 962 Evau
583 920 611 959 s
641 900 866 961 Tullius
892 900 1164 982 deinceps
1195 903 1576 983 gubernacula

223 981 401 1043 Urbis
443 982 663 1043 invadit
699 1004 713 1041 ε
764 988 871 1040 ne'c
916 980 1232 1041 obscuritas
1282 984 1526 1044 inhibuit
1554 1029 1576 1059 ‚

224 1064 489 1143 quamvis
530 1077 711 1121 matre
748 1060 913 1121 serva
951 1079 1224 1121 creatum.
1267 1062 1420 1123 Nam
1463 1068 1579 1124 exi-

223 1147 400 1203 miam
448 1142 709 1202 indolem
750 1162 899 1201 uxor
946 1139 1247 1223 Tarquinii
1292 1143 1580 1226 Tanaquil

223 1222 540 1283 liberaliter
601 1221 942 1283 educaverat
987 1243 1003 1283 z
1052 1224 1118 1285 &
1181 1222 1394 1283 clarum
1448 1224 1575 1287 fore

224 1302 347 1364 visa
382 1306 531 1363 circa
566 1320 736 1383 caput
772 1302 1005 1363 flamma
1041 1302 1394 1385 promiserat.
1422 1308 1579 1387 Ergo

224 1384 374 1444 inter
394 1384 693 1465 Tarquinii
718 1400 965 1443 mortem
983 1428 1002 1457 ,
1027 1387 1316 1445 annitente
1341 1388 1540 1468 regina
1555 1432 1576 1458 ‚

223 1462 549 1525 substitutus
583 1467 641 1524 in
680 1465 875 1524 locum
905 1466 1091 1546 regis,
1117 1466 1278 1546 quasi
1311 1466 1384 1526 ad
1426 1484 1580 1527 tem-

222 1565 333 1627 pus
370 1588 391 1617 ,
436 1566 676 1628 regnum
724 1545 865 1607 dolo
913 1563 1140 1626 partum
1194 1548 1276 1605 sic
1327 1547 1442 1629 egit
1489 1549 1580 1608 in·

222 1624 435 1686 dustrie
464 1670 483 1699 ‚
526 1642 591 1686 ut
640 1623 767 1704 jure
818 1626 1061 1705 adeptus
1111 1625 1426 1694 videretur.
1476 1625 1576 1688 Ab

222 1705 340 1766 hoc
410 1707 619 1787 opulus
645 1705 942 1765 Romanus
968 1705 1178 1765 relatus
1216 1708 1274 1764 in
1307 1705 1578 1781 censum,

224 1786 283 1847 di
326 1808 357 1845 e
410 1807 473 1846 us
518 1789 579 1845 in
617 1784 811 1847 classes
836 1832 854 1855 ,
901 1788 1071 1845 curiis
1111 1802 1278 1869 atque
1321 1787 1582 1869 collegiis

222 1808 549 1928 difiributus
597 1888 612 1927 ε
660 1864 989 1947 summaque
1041 1870 1185 1947 regis
1231 1866 1458 1927 solertia
1499 1871 1580 1929 ita

226 1947 307 2008 est
336 1949 595 2009 ordinata
624 1946 972 2029 respublica,
999 1964 1062 2007 ut
1085 1949 1280 2007 omnia
1307 1950 1579 2029 patrimo-

225 2030 353 2101 nii,
398 2029 678 2111 dignitatis
716 2073 736 2099 ,
774 2029 955 2089 aetatis
987 2071 1005 2100 ‚
1048 2030 1254 2086 artium
1283 2074 1301 2097 ,
1352 2026 1578 2090 officio-

224 2129 466 2188 rumque
503 2108 819 2168 discrimina
852 2112 910 2167 in
943 2106 1163 2167 tabulas
1195 2107 1582 2185 referrentur-3

224 2210 291 2247 ac
323 2190 403 2247 sic
441 2191 689 2249 maxima
726 2191 928 2249 civitas
960 2190 1217 2251 minimae
1249 2188 1456 2253 domus
1493 2190 1580 2251 di-

224 2268 461 2352 ligentia
499 2272 911 2333 contineretur.

728 2482 1056 2599 'W
