2067 3667
578 313 726 368 οε
822 297 1223 367 FLORO.
1511 313 1561 388 7

204 432 369 488 opere
386 415 623 486 respicit.
640 419 845 487 Nempe
862 416 1013 470 suum
1033 416 1224 486 cuique
1247 415 1526 488 pulchrum
1542 449 1560 481 ,

206 493 351 562 quod
380 491 485 544 dici
518 490 672 546 solet.
709 493 819 545 Nec
854 507 1137 560 propterea
1167 490 1363 560 negato
1383 530 1397 552 ‚
1429 489 1562 542 Flo-

204 581 323 620 rum
348 567 488 618 hunc
507 564 656 620 fuiffe
680 581 750 622 ex
773 566 1090 618 Senecarum
1110 564 1326 618 familia.
1351 565 1560 616 Seneca

203 638 349 693 enim
374 653 603 692 vocatur
632 639 691 691 in
712 637 977 708 plerisque
997 637 1268 692 veteribus
1289 637 1458 690 libris.
1477 635 1560 689 Ad

200 713 315 765 haec
339 714 551 766 Senecae
582 713 703 766 sunt
727 729 797 764 ex
830 714 1020 764 Annaea
1045 726 1218 782 gente.
1243 713 1313 763 At
1335 712 1522 764 Florus
1541 745 1560 773 ,

202 786 281 838 uti
296 784 350 838 in
368 787 631 856 plerisque
650 786 798 839 libris
814 786 986 840 Julius
1005 823 1019 848 ‚
1046 786 1118 837 ita
1133 783 1364 844 Annaeus
1382 785 1439 835 in
1459 800 1562 836 ve·-

201 861 396 912 teribus
418 874 638 912 vocatur
657 860 805 912 libris
823 899 838 921 ‚
860 859 1021 912 etiam
1045 858 1262 926 antiqua
1281 872 1340 909 ac
1361 855 1564 926 princi·

200 947 270 1000 pe
294 971 308 995 ,
332 949 487 1001 quam
510 934 679 986 habeo
704 971 719 996 ‚
750 933 1006 986 editione.
1038 933 1230 983 Adhaec
1263 929 1559 997 Hispanum

199 1005 351 1058 fuiss'e
379 1043 396 1068 ‚
428 1007 567 1058 unde
604 1005 813 1057 Senecae
846 1007 1011 1057 domo
1045 1019 1195 1056 erant
1216 1041 1231 1066 ,
1262 1001 1560 1055 verisimile

200 1077 328 1130 facit
346 1079 614 1130 luculenta
638 1076 752 1139 ejus
781 1093 929 1129 terrae
945 1076 1182 1129 laudatio
1197 1115 1211 1139 ‚
1231 1091 1348 1143 quae
1367 1075 1440 1126 est
1462 1075 1560 1130 lib.

203 1163 280 1203 n.
316 1166 429 1219 cap.
459 1162 631 1203 xvn.
668 1151 721 1202 δι
753 1150 846 1202 lib.
883 1162 987 1202 111.
1022 1165 1138 1217 cap.
1174 1161 1345 1200 xxn.
1369 1147 1560 1202 Difflo

202 1237 420 1292 quoque
448 1223 583 1275 hanc
610 1223 829 1276 domum
859 1221 1013 1290 sapit.
1045 1223 1182 1274 Nam
1211 1236 1274 1273 ea
1297 1224 1562 1288 eloquen-
1595 1225 1600 1230 ’

202 1293 293 1348 tiae
309 1334 327 1360 ‚
353 1295 406 1347 &
427 1293 638 1363 poestos
663 1297 817 1349 laude
838 1293 1059 1366 inclyta.
1079 1295 1149 1346 At
1171 1291 1334 1346 dictio
1353 1291 1564 1346 histori-

202 1367 253 1420 ci
276 1366 429 1434 hujus
444 1407 459 1432 ‚
485 1366 563 1421 uti
585 1366 708 1422 ante
730 1367 925 1421 diaum
943 1406 957 1430 ,
979 1367 1052 1422 est
1069 1367 1256 1420 diserta
1275 1405 1290 1430 ‚
1314 1367 1367 1419 δι
1389 1365 1564 1435 poeti-

200 1456 277 1494 cae
294 1443 535 1510 propior.
551 1441 723 1494 Immo
746 1457 883 1509 opus
902 1441 1076 1509 ipsum
1093 1439 1192 1493 vix
1208 1440 1349 1492 aliud
1363 1479 1378 1503 ,
1399 1439 1560 1508 quam

200 1515 517 1568 declamatio
551 1513 643 1566 est.
681 1513 911 1568 Fortaffe
945 1513 1110 1584 igitur
1146 1514 1358 1565 Senecae
1397 1513 1562 1566 etiam.

202 1602 405 1640 nornen
424 1587 541 1639 fuit.
573 1587 704 1650 Sed,
735 1599 795 1638 ut
820 1587 928 1638 hoc
956 1588 1139 1637 demus
1156 1621 1174 1647 ‚
1203 1599 1316 1636 non
1337 1581 1406 1636 εὸ
1427 1599 1566 1636 con-

200 1658 477 1727 sequitur,
504 1659 643 1711 haud
674 1658 827 1710 aliter
858 1655 1019 1725 quam
1053 1659 1307 1710 Senecam
1330 1694 1345 1718 ,
1376 1655 1564 1709 vocari

205 1746 478 1799 oportere.
500 1733 613 1784 Nec
640 1730 785 1782 enim
808 1728 961 1782 facile
980 1731 1114 1782 adeo
1147 1727 1278 1780 fides
1309 1725 1383 1781 est
1405 1731 1566 1781 dero-

205 1805 370 1876 ganda
402 1802 574 1858 multo
596 1803 844 1856 maxima
866 1802 1004 1870 parti
1032 1802 1290 1856 librorum
1310 1839 1326 1866 ‚
1357 1802 1410 1854 &
1441 1800 1566 1870 qui·

204 1879 325 1932 dem
345 1877 587 1932 melioris
604 1891 747 1929 notar
760 1913 777 1940 ,
792 1875 880 1930 ubi
894 1876 1078 1928 Florus
1096 1890 1336 1929 vocatur.
1354 1875 1417 1926 Et
1434 1873 1566 1944 quid

202 1951 455 2019 prohibet
486 1989 501 2010 ,
549 1951 839 2020 quominus
872 1988 889 2013 ‚
924 1965 983 2001 ut
1021 1950 1083 2000 L.
1121 1948 1308 2000 Annaei
1348 1949 1565 2002 Seneca

204 2023 513 2092 philosophi
531 2025 693 2076 frater
711 2063 725 2086 ‚
761 2039 872 2075 non
893 2022 1097 2074 tantum
1115 2023 1176 2074 L.
1198 2021 1426 2072 Annaeus
1444 2023 1568 2072 No-

204 2109 363 2148 vatus
380 2095 676 2148 dicebatur:
692 2096 781 2147 sed
799 2095 959 2148 etiam
979 2096 1007 2148 J
1012 2093 1170 2146 unius
1194 2093 1377 2147 Gallio
1393 2092 1566 2162 (quod

206 2183 408 2220 nomen
426 2167 635 2230 hahuit,
650 2168 925 2236 postquam
944 2185 969 2218 a
985 2168 1013 2221 J
1019 2166 1152 2218 unio
1176 2166 1428 2219 Gallione
1449 2179 1566 2218 erat

206 2241 527 2308 adoptatus)
556 2240 629 2292 ita
648 2240 957 2292 historicum
988 2242 1128 2290 hunc
1159 2239 1429 2290 credamus
1464 2240 1562 2289 ad·

206 2315 433 2383 optione
456 2330 655 2366 nomen
675 2311 893 2364 mutaffe
910 2330 928 2372 3
947 2327 1105 2382 atque
1126 2310 1247 2362 inde
1267 2309 1369 2362 effe
1388 2349 1402 2373 ,
1418 2309 1563 2379 quod

206 2385 349 2438 idern
379 2387 550 2439 dictus
584 2387 654 2440 sit
687 2387 746 2438 L.
771 2387 1001 2438 Annaeus
1024 2385 1221 2436 Seneca
1243 2421 1258 2446 ‚
1287 2384 1340 2436 &
1363 2384 1423 2434 L.
1448 2386 1564 2435 An·

206 2475 353 2511 naeus
375 2461 596 2515 Florusz
624 2463 713 2512 vel
739 2475 799 2511 ut
823 2459 880 2512 in
902 2457 1180 2512 nonnullis
1205 2455 1355 2510 libris
1385 2459 1564 2527 legero

208 2531 282 2584 est
300 2570 317 2596 ,
349 2532 521 2585 Julius
549 2535 733 2585 Florus
752 2533 775 2583 ἓ

282 2603 435 2656 Alius
458 2603 591 2658 vero
614 2607 675 2657 ab
696 2607 800 2657 hoc
820 2604 893 2657 est
912 2603 1084 2658 Julius
1107 2605 1293 2656 Florus
1317 2641 1333 2667 ,
1353 2602 1442 2654 vir
1463 2603 1562 2655 iti-

209 2679 331 2730 dem
354 2676 573 2729 disertus
596 2716 609 2739 ‚
625 2678 716 2745 qui
737 2677 829 2728 sub
845 2677 1064 2728 Tiberio
1084 2675 1243 2728 vixit.
1259 2678 1342 2726 De
1359 2677 1464 2726 hoc
1484 2677 1562 2730 ita

208 2751 287 2803 M.
311 2751 507 2802 Seneca
526 2749 871 2801 Controvets.
898 2763 1057 2800 xxv,
1080 2747 1174 2814 ipse
1195 2750 1359 2797 audivi
1371 2748 1564 2798 Florum

210 2826 452 2892 quemdam
470 2861 488 2884 ,
510 2825 771 2873 auditorem
791 2821 1015 2874 Latronis
1030 2857 1050 2882 ,
1073 2823 1295 2872 dicentem
1319 2839 1414 2871 non
1435 2823 1563 2891 apud

1177 2889 1319 2965 A4
