2067 3667
431 293 456 324 Χ
511 277 648 350 162
796 280 875 350 L.
927 279 1297 350 Ammt
1344 279 1653 349 Ριοιιι

499 399 660 481 regis
701 393 903 471 soror,
939 394 1115 458 affusa
1146 393 1387 459 Caesaris
1432 399 1673 481 genibus
1689 438 1709 470 ,
1740 416 1893 479 pars

501 495 632 540 tem
667 481 829 562 regni
873 478 1235 561 reposcebat.
1264 478 1487 540 Aderat
1552 479 1721 538 uellae
1750 478 1873 538 for-

504 581 636 632 ma,
676 561 744 621 &.
787 581 914 641 quae
949 559 1338 641 duplicaretur
1380 578 1455 620 ex
1498 557 1601 619 ilo
1623 600 1643 631 ,
1698 558 1867 640 quod

505 641 634 702 talis
668 638 820 722 pass'a
849 641 1155 702 videbatur
1188 638 1453 718 injuriam
1486 662 1501 698 ε
1533 642 1736 702 odium
1780 641 1871 719 ip-

504 724 624 780 sius
663 724 814 802 regis
837 761 857 792 ‚
939 724 994 780 ui
1029 720 1295 799 Pompeii
1342 721 1565 797 caedem
1616 721 1874 800 partium

503 801 622 862 fato
652 845 676 873 ,
719 821 840 861 non
994 798 1100 860 sari
1144 799 1385 860 dederat
1422 822 1443 874 3
1492 801 1645 859 haud
1690 799 1877 860 dubie

371 927 376 930 -
505 882 670 942 idem
721 884 780 941 in
840 883 859 940 i
903 879 1026 942 sum
1091 878 1323 940 ausurus
1360 921 1379 951 ‚
1428 881 1477 938 si
1528 877 1874 960 expediffet.

507 961 714 1042 Quam
735 963 835 1022 ubi
913 961 1049 1022 aesar
1072 961 1286 1022 restitui
1309 958 1475 1040 jussit
1497 961 1559 1019 in
1590 978 1875 1040 regnum,

507 1043 694 1104 statim
744 1044 818 1104 ab
865 1042 1089 1104 eisdem
1139 1039 1555 1124 percussoribus
1604 1039 1875 1125 Pompeii

509 1121 764 1184 ohseffus
806 1125 866 1186 in
893 1125 1053 1206 regia
1072 1167 1091 1196 ,
1122 1123 1385 1205 quamvis
1425 1121 1631 1204 exigua
1662 1139 1875 1192 manu,

507 1205 571 1264 in
611 1207 760 1264 entis
813 1202 1101 1265 exercitus
1170 1203 1393 1263 molem
1454 1200 1599 1261 mira
1654 1201 1874 1264 virtute

507 1281 570 1342 su
625 1286 780 1346 'nuit
831 1289 924 1346 Ac
967 1283 1216 1366 primum
1254 1279 1637 1344 aedificiorum
1676 1281 1875 1364 proxi-

507 1383 742 1424 morum
761 1408 779 1436 ‚
821 1382 996 1446 atque
1039 1362 1331 1424 navalium
1368 1361 1665 1435 incendio,
1702 1357 1875 1421 infes-

507 1459 706 1504 torum
754 1442 1006 1505 hostium
1054 1442 1169 1504 tela
1221 1440 1517 1504 submovit
1554 1463 1569 1503 ε
1627 1462 1767 1502 mox
1808 1442 1873 1501 in

507 1521 868 1606 peninsulam
921 1522 1149 1584 Pharon
1190 1520 1401 1583 subitus
1442 1523 1629 1583 evasit
1668 1543 1685 1582 z
1734 1519 1871 1582 inde

507 1603 778 1686 depulsus
809 1607 869 1666 in
899 1607 1077 1666 maria
1100 1649 1121 1680 ‚
1151 1602 1299 1666 mira
1326 1601 1601 1666 felicitate
1630 1601 1704 1663 ad
1780 1621 1877 1662 ro·-

509 1686 728 1746 ximam
775 1683 1004 1746 classem
1045 1687 1299 1746 enatavit
1330 1729 1349 1755 ,
1394 1682 1593 1746 reficio
1636 1683 1735 1764 qui
1776 1701 1873 1742 ern

507 1766 570 1824 in
607 1764 866 1827 fluffibus
908 1765 1325 1846 paludamento
1350 1808 1371 1837 ,
1408 1763 1507 1824 seu
1547 1762 1668 1824 fato
1709 1803 1727 1834 ,
1773 1759 1875 1824 seu

507 1846 794 1915 consilio,
825 1861 890 1904 ut
913 1845 1057 1904 illud
1082 1843 1473 1926 ingruentibus
1504 1841 1749 1906 hostium
1784 1860 1877 1903 te-

509 1923 580 1986 lis
626 1923 878 2006 saxisque
937 1941 1249 2006 peteretur.
1290 1923 1560 1986 Tandem
1604 1939 1873 2004 receptus

509 2027 546 2066 a
587 2005 836 2067 classicis
888 2003 998 2066 suis
1043 2050 1060 2076 ,
1121 2004 1375 2088 undique
1444 2005 1617 2066 simul
1668 2002 1875 2064 'hostes

507 2086 748 2148 adortus
784 2131 808 2159 ,
869 2085 942 2148 de
1007 2085 1229 2146 imbelli
1289 2107 1353 2146 ac
1420 2085 1639 2166 perfida
1698 2102 1871 2168 gente

513 2165 660 2228 ‘usta
706 2170 900 2250 generi
954 2165 1225 2226 Manibus
1268 2165 1451 2228 dedit.
1501 2165 1747 2248 Quippe
1808 2165 1875 2226 ὅ(

509 2189 862 2310 'Theodotus
889 2267 982 2308 ma
1021 2245 1155 2307 ister
1188 2245 1497 2330 auctorque
1531 2249 1709 2306 totius
1742 2245 1877 2306 bel-

513 2329 556 2388 li
588 2373 609 2401 ‚
647 2330 714 2389 &
755 2349 830 2388 ne
865 2330 973 2387 viri
999 2330 1055 2386 ia
1089 2327 1327 2409 quidem
1363 2342 1635 2408 portenta
1674 2325 1877 2385 Pothi-

511 2430 620 2468 nus
647 2426 819 2489 atque
842 2405 1226 2486 Ganymedes
1251 2449 1269 2477 ,
1310 2404 1533 2466 diversa
1570 2425 1675 2486 per
1712 2425 1875 2466 mare

511 2489 580 2549 δι
620 2504 797 2546 terras
833 2486 969 2566 fuga
1008 2488 1075 2547 &
1122 2502 1311 2544 morte
1362 2483 1707 2566 consumpti.
1752 2485 1877 2546 Re-

515 2570 604 2708 {3
637 2569 954 2708 {3⁵33ssss
976 2565 1879 2724 ouricssbi¹3332¹³iss1⁰issss²33¹2

515 2748 631 2813 que
671 2749 859 2792 novus
897 2749 1091 2790 rerum
1133 2745 1327 2790 motus
1366 2750 1399 2788 a
1430 2727 1618 2790 Ponto
1640 2771 1661 2802 ‚
1700 2727 1873 2811 plane
