2067 3667
492 232 779 303 Hrsr.
831 233 1132 323 Lrsssn
1181 232 1244 304 Ι.
1448 253 1536 333 ¹5

178 350 418 431 veneris
445 396 470 424 ,
517 350 682 432 cujus
728 349 1064 417 felicitatem
1115 350 1360 415 fortunae
1399 352 1544 415 Me-

179 433 309 502 telli
347 453 690 514 compares:
724 452 859 493 nam
885 477 905 506 ,
946 451 1155 515 praeter
1193 434 1548 497 excellentes

177 514 511 595 triumphos
536 557 556 588 ‚
600 512 964 597 honoresque
1006 514 1392 597 amplissimos
1413 560 1436 589 ‚
1475 516 1543 579 &

179 596 497 676 principale
536 598 598 654 in
634 593 927 675 republica
965 591 1251 677 fastigium
1277 642 1297 671 ,
1340 615 1545 658 exten·

178 692 425 757 tumque
462 676 599 736 vitae
635 672 878 756 spatium
907 719 929 750 ,
968 676 1036 739 &
1075 697 1234 737 acres
1269 680 1550 741 innocen·

177 755 385 839 resque
433 776 545 838 pro
586 756 880 837 republica
934 777 1068 818 cum
1115 756 1356 825 inimicis
1403 780 1546 820 conr·

178 839 473 901 tentiones
499 882 521 913 ,
558 853 803 919 quatuor
840 834 995 901 filios
1022 834 1241 905 sustulit
1267 883 1296 920 5
1337 860 1548 903 omnes

178 916 399 983 adultae
434 921 611 981 aetatis
642 919 792 981 vidit
808 964 827 989 ,
859 939 1071 983 omnes
1097 920 1329 1000 reliquit
1357 918 1550 1005 super-

181 998 349 1063 stites
383 1000 449 1061 &
496 1000 995 1063 honoratissimos.
1041 998 1264 1065 Mortui
1299 998 1423 1081 ejus
1466 1000 1553 1061 le·

183 1080 342 1143 stum
370 1102 480 1163 pro
508 1078 733 1141 Rostris
759 1078 1101 1141 sustulerunt
1129 1099 1376 1162 quatuor
1404 1078 1506 1141 filii
1523 1124 1551 1161 ,

181 1183 333 1233 unus
368 1158 681 1223 consularis
714 1164 779 1223 &
809 1160 1096 1223 censorius
1119 1207 1138 1232 ‚
1175 1160 1317 1231 alter
1348 1160 1554 1231 consu-

181 1242 318 1304 laris
346 1286 367 1316 ‚
407 1244 611 1304 tertius
652 1240 895 1317 consul,
936 1260 1172 1325 quartus
1211 1242 1552 1307 candidatus

182 1322 509 1387 consulatus
535 1368 555 1399 ‚
607 1344 783 1405 quern
824 1323 1112 1385 honorem
1153 1323 1394 1409 adeptus
1439 1322 1548 1387 est.

180 1404 325 1467 Hoc
372 1402 457 1466 est
502 1406 773 1465 nimirum
812 1406 995 1489 magis
1028 1402 1269 1468 feliciter
1306 1406 1383 1471 de
1424 1408 1552 1477 vite

181 1488 265 1549 mi
308 1506 433 1547 rare
457 1531 478 1559 ‚
520 1484 692 1568 quium
724 1488 897 1557 mori.
1651 1534 1660 1545 .

330 1566 405 1629 11.
446 1566 739 1633 Universa
762 1564 971 1628 deinde
992 1609 1014 1639 ‚
1044 1584 1108 1627 nt
1139 1568 1548 1652 praediximus5
1615 1602 1642 1623 .

180 1644 449 1710 instinc&
498 1650 557 1709 in
606 1648 824 1711 bellum
878 1646 1106 1709 Achai&
1126 1694 1147 1722 ‚
1197 1648 1360 1729 cujus
1413 1670 1551 1731 pars

183 1749 399 1811 magna
440 1726 693 1808 ejusdem
734 1727 963 1791 Metelli
1010 1727 1384 1809 Macedonici
1429 1732 1552 1791 vir-

184 1826 313 1872 tute
365 1808 641 1893 armisque
685 1808 861 1871 ‚fracia
906 1826 1026 1871 erat
1052 1856 1073 1882 ‚
1126 1811 1378 1871 maxime
1422 1808 1552 1873 Co-

184 1890 411 1953 rinthiis
442 1893 504 1952 in
542 1913 700 1953 arma
726 1936 753 1965 ,
800 1912 933 1953 cum
968 1892 1238 1987 gravibus
1279 1894 1452 1953 etiam
1487 1893 1552 1953 in

183 1970 490 2035 Romanos
530 1972 899 2035 contumeliis
920 2016 941 2049 ,
977 1970 1366 2057 instigantibus
1389 2017 1410 2047 ,
1443 1973 1553 2035 de·

184 2052 425 2115 stinatus
453 2054 529 2134 ¹ei
575 2054 732 2117 bello
788 2054 1048 2137 gerendo
1098 2052 1298 2115 consul
1347 2054 1550 2115 Mum-

184 2137 359 2196 mius,
390 2132 465 2195 Et
500 2134 600 2195 sub
636 2136 797 2195 idern
834 2151 953 2196 tem
986 2156 1059 2195 us
1087 2180 1108 2207 ,
1139 2137 1322 2218 magis
1348 2178 1369 2208 ‚
1413 2137 1551 2217 quia

183 2214 469 2281 volebant
500 2215 751 2279 Romani
772 2260 792 2289 ,
831 2158 1116 2299 quitfquid
1153 2216 1230 2277 de
1253 2214 1552 2299 Carthagi-

183 2296 490 2362 niensibus
531 2297 817 2359 diceretur
839 2341 860 2371 ‚
894 2296 1132 2359 credere
1156 2343 1176 2373 ,
1209 2295 1384 2381 quium
1413 2298 1553 2439 guia

186 2375 487 2446 credenda
508 2376 921 2450 afferebantur,
941 2374 1141 2439 statuit
1171 2378 1391 2441 senatus
1471 2400 1554 2439 ar-

186 2458 287 2521 tha
328 2460 488 2519 inem
538 2459 827 2523 excidere.
883 2459 971 2522 Ita
1019 2460 1238 2522 eodem
1283 2478 1550 2543 tempore

179 2479 426 2605 Puffiius
462 2536 662 2637 Scipio
697 2538 1036 2603 AEmilianus
1057 2588 1084 2614 ,
1122 2542 1214 2603 vir
1247 2544 1412 2603 avitis
1443 2540 1550 2603 Pu-

184 2620 293 2685 blii
322 2620 583 2683 Africam
606 2667 629 2697 ‚
670 2621 1031 2706 paternisque
1063 2622 1132 2687 L.
1163 2622 1343 2683 Paulli
1374 2624 1556 2686 virtu-

175 2701 413 2767 autibus
438 2702 761 2791 simillimus
778 2748 802 2784 ‚
832 2701 1102 2775 orrmibus
1130 2702 1273 2773 belli
1294 2724 1362 2787 ac
1396 2720 1551 2787 togfe
