2067 3667
463 301 747 376 str.
798 281 1109 376 L1'nn
1162 309 1269 378 II.
1425 280 1514 404 73

167 425 238 488 iis
281 421 402 484 aaa
439 421 656 484 fecerat
695 423 850 484 irrita
877 471 897 500 ‚
929 423 1195 486 amisisset
1239 424 1299 485 id
1341 423 1529 488 sacer-

168 504 436 588 dotium]
471 503 744 564 festinans
783 508 846 566 in
886 503 1110 566 Italiam
1134 550 1154 579 ,
1194 527 1269 566 ne
1300 507 1527 587 conspi-

168 602 396 648 ceretur
432 607 466 645 a
501 585 872 665 praedonibus
898 631 918 662 ,
958 589 1157 662 omnia
1200 603 1332 648 tunc
1374 588 1529 648 obri·

167 667 441 728 uentibus
493 669 674 726 maria
714 711 733 736 ,
781 668 845 728 &
889 669 1103 727 merito
1148 665 1266 746 jam
1311 667 1528 729 infestis

168 749 280 809 sibi
300 793 318 818 ‚
355 763 598 829 quatuor
628 746 972 808 scalmorum
1004 767 1217 809 navem
1248 747 1362 809 una
1394 769 1533 828 cum,

169 828 400 890 duobus
436 829 630 888 amicis
653 827 976 910 decemque
999 827 1181 889 servis
1214 828 1486 912 ingress'us
1504 874 1528 901 ,

168 907 572 970 effusissimum
589 907 864 968 Adriatici
883 911 1056 968 maris
1076 906 1177 968 tra'
1189 913 1297 970 ecit
1314 912 1527 970 sinum.

169 989 322 1070 Quo
357 990 596 1073 quidem
630 991 688 1047 in
725 989 886 1048 cursu
923 989 1137 1071 conspe
1194 991 1281 1063 is,
1318 1006 1384 1050 ut
1422 1011 1533 1070 pu·-

167 1071 330 1132 tabat
355 1115 374 1144 ,
404 1073 718 1154 'piratarum
751 1069 993 1129 navibus
1018 1113 1038 1142 ‚
1079 1089 1257 1150 quum
1286 1067 1534 1131 exuisset

167 1150 400 1212 vestem
419 1196 436 1221 ,
459 1151 550 1212 alli
598 1148 850 1231 afferque
874 1150 1193 1232 pugionem
1212 1150 1286 1210 ad
1304 1148 1491 1211 femur
1506 1195 1531 1226 ,

171 1233 430 1292 alterutri
467 1230 524 1292 se
589 1247 810 1290 ortunae
845 1249 1050 1312 parans
1074 1276 1091 1301 ,
1128 1251 1269 1291 mox
1303 1231 1535 1292 intelle-

172 1316 264 1373 xit
291 1310 612 1374 frustratum
649 1309 760 1372 esse
788 1309 974 1371 visum
1005 1310 1165 1372 suum
1182 1356 1203 1386 ,
1231 1311 1533 1373 arborum-

170 1413 290 1475 que
337 1415 408 1455 ex
452 1393 772 1476 longinquo
814 1391 1079 1453 ordinem
1126 1407 1532 1454 antemnarum

211 1472 474 1535 raebuiffe
507 1475 839 1555 imaginem.
874 1472 1007 1533 Reli
1090 1493 1123 1532 a
1155 1472 1279 1552 e'jus
1314 1473 1436 1534 aGia
1469 1476 1531 1534 in

167 1493 338 1616 {hbe
362 1598 382 1627 ,
415 1554 886 1634 nobilissimaque
926 1493 1261 1615 Dffibellae
1302 1553 1532 1615 accusa-

165 1638 260 1696 tio
281 1658 307 1706 ·,
343 1637 408 1695 &
443 1633 630 1712 major
652 1633 918 1694 'civitatis
952 1636 1011 1693 in
1052 1655 1122 1694 ea
1154 1633 1323 1694 favor
1357 1634 1531 1717 quam

165 1717 294 1775 reis
329 1713 574 1794 praestari
607 1713 752 1775 solet
788 1736 807 1787 3
839 1712 1349 1796 contentionesque
1381 1715 1535 1788 civi-

165 1797 264 1856 les
303 1815 436 1854 cum
476 1792 560 1874 Q.
598 1793 808 1856 Catulo
837 1841 855 1866 ,
893 1807 1069 1876 'atque
1104 1795 1228 1858 alii's
1265 1798 1535 1856 eminen-

161 1877 412 1937 tissimis
442 1877 582 1935 viris
604 1920 623 1950 ‚
660 1875 1049 1936 celeberrimae
1077 1897 1096 1950 3
1128 1878 1193 1940 &
1222 1893 1352 1937 ante
1382 1897 1535 1958 prae-

161 1973 364 2018 tutam
387 1955 568 2017 vibius
604 1957 837 2016 maximi
859 1955 1222 2038 pontificatus
1252 1959 1535 2039 petitione

162 2036 262 2118 Q,
295 2033 534 2097 Catulus
556 2082 576 2110 ,
607 2040 866 2098 omnium
899 2035 1268 2098 confessione
1305 2036 1534 2098 senariis

213 2121 495 2199 rinceps3
532 2119 597 2178 &
631 2117 884 2180 restituta
905 2119 963 2177 in
998 2118 1304 2186 aedilitate,
1332 2118 1536 2178 adver-

161 2141 345 2260 ἔπιτε
385 2198 622 2279 quidem
662 2198 960 2259 nobilitate
983 2243 1000 2272 ,
1040 2215 1419 2258 monumenta
1456 2195 1535 2259 C.

158 2280 357 2342 Marii
384 2299 403 2350 3
438 2280 720 2360 simulque
747 2281 1005 2339 revocati
1027 2277 1099 2338 ad
1132 2276 1220 2358 jus
1246 2279 1541 2362 dignitatis

157 2356 638 2446 proscriptorum
673 2358 834 2426 liberi
866 2382 886 2435 3
920 2361 984 2421 δι.
1017 2375 1262 2440 praetura
1293 2357 1537 2440 quaestu-

151 2463 230 2503 ra
281 2457 364 2498 ue
386 2439 628 2500 mirabili
645 2443 857 2502 virtute
881 2457 1053 2522 atque
1070 2438 1347 2518 industria
1373 2439 1537 2500 obita

152 2527 224 2585 in
340 2518 547 2660 'ffania
568 2565 587 2592 ‚
621 2541 800 2603 quum
833 2517 971 2582 esset
1042 2519 1251 2582 uaestor
1284 2519 1387 2580 sub
1408 2519 1536 2582 Ve-

151 2621 306 2667 tere
407 2599 598 2660 nristio
618 2647 636 2672 ‚
669 2621 784 2663 avo
815 2599 982 2662 hu‘us
1001 2543 1239 2663 qleteris
1272 2599 1535 2663 consula·-

147 2690 242 2747 ris
289 2697 474 2762 atque
508 2680 796 2762 pontificis
817 2725 836 2754 ,
911 2703 1121 2742 uorum
1155 2681 1537 2744 consularium

151 2769 228 2832 &
255 2761 635 2826 sacerdotum
655 2764 830 2846 patris
846 2805 866 2837 ,
891 2763 1004 2825 viri
1029 2763 1089 2824 in
1119 2779 1339 2823 tantum
1357 2761 1499 2824 boni
1513 2804 1537 2838 ,

1268 2833 1335 2902 D
