2067 3667
575 279 1022 349 LIBER
1120 277 1250 347 II.
1495 278 1584 348 61

224 394 439 472 ,fameg
468 397 745 458 machinis
766 443 785 470 ‚
817 396 1008 469 ferro,
1042 396 1212 457 versa
1249 395 1500 476 denique
1533 397 1598 454 in

238 479 460 540 rabiem
502 476 618 538 fide
649 524 667 553 ‚
709 481 1021 538 immanem
1063 481 1122 536 in
1167 477 1300 536 foro
1345 478 1602 536 excitant

238 579 447 643 rogum
472 582 485 620 ε
514 577 639 620 tum
668 559 917 641 desuper-
945 557 1001 618 se
1032 557 1273 639 suosque
1309 577 1438 617 cum
1470 575 1604 616 om-

234 640 401 701 nibus
442 661 481 700 o
524 641 653 700 ibus
700 639 811 700 suis
855 638 1007 700 ferro
1065 639 1130 699 &
1167 639 1186 696 i
1227 639 1284 697 ni
1330 657 1596 698 corrum-

232 739 397 804 punt.
504 719 631 796 ujus
664 737 833 781 tantae
884 719 1060 778 cladis
1101 659 1296 779 auger
1338 716 1594 780 Annibal

232 802 505 884 poscitur.
536 800 1072 886 Tergiversantibus
1095 800 1288 860 Poenis
1312 842 1332 869 ‚
1365 800 1480 858 dux
1514 800 1602 858 le-

232 885 515 964 gationi5‚
548 886 686 962 Qua
705 927 723 955 ,
756 884 987 963 inquit,
1020 903 1168 940 mora
1205 883 1274 961 est
1303 882 1336 938 ?
1365 879 1600 939 Fabius.

235 965 307 1024 In
356 965 457 1022 hoc
512 984 605 1044 ego
642 965 769 1042 firm
816 962 1013 1021 bellum
1050 981 1344 1040 pacemque
1379 977 1532 1038 porto
1571 977 1604 1018 ε

236 1061 417 1103 utrum
454 1043 655 1124 eligitis
696 1045 731 1104 ἓ
769 1040 1260 1101 Succlamantibus
1297 1059 1315 1112 ;
1359 1040 1608 1101 Bellum:

235 1125 455 1187 Bellum
490 1126 693 1204 igitur,
726 1124 948 1204 inquit,
978 1123 1205 1202 accipite
1233 1122 1335 1180 5&
1369 1118 1600 1179 excuss'o

235 1207 302 1264 in
342 1204 534 1264 media
580 1205 737 1262 curia
780 1220 935 1284 togae
982 1205 1204 1283 gremio
1248 1245 1265 1271 ,
1309 1221 1428 1260 non
1476 1202 1606 1260 sine

239 1284 484 1345 horrore
510 1329 531 1354 ‚
572 1286 735 1366 quasi
767 1283 935 1365 plane
968 1285 1096 1342 sinu
1133 1281 1308 1342 ferret
1331 1328 1348 1352 ‚
1379 1280 1602 1342 bellum

239 1363 463 1426 effudit.
497 1361 709 1424 Similis
732 1367 917 1424 exitus
940 1363 1080 1424 belli
1106 1365 1268 1424 initio
1287 1361 1416 1423 fuit.
1441 1361 1606 1422 Nam

235 1449 401 1530 quasi
436 1447 537 1506 has
570 1444 797 1505 inferias
836 1446 943 1505 sibi
979 1443 1422 1529 Saguntinorum
1459 1443 1602 1524 ulti·—

236 1549 351 1590 mae
386 1528 523 1587 dirae
560 1529 618 1585 in
651 1526 753 1585 illo
788 1525 1024 1607 publico
1061 1525 1366 1605 patricidio
1395 1528 1608 1582 incen-

239 1607 458 1690 dioque
494 1605 845 1666 mandassent
881 1628 901 1678 ;
932 1607 1023 1670 ita,
1047 1604 1318 1662 Manibus
1355 1623 1604 1675 eorum,

238 1685 559 1747 vastatione
595 1685 768 1744 Italiae
790 1727 809 1756 ,
842 1686 1172 1765 captivitate
1209 1682 1422 1742 Africae
1447 1727 1466 1756 ,
1501 1682 1606 1744 du·

240 1788 373 1829 eum
424 1768 491 1828 &
533 1785 777 1848 regum,
826 1767 923 1846 qui
976 1764 1037 1825 id
1083 1761 1294 1846 gess'ere
1337 1763 1604 1834 bellum,

240 1850 419 1910 exitio
479 1863 839 1928 parentatum
896 1844 997 1906 est.
1044 1843 1220 1927 Igitur
1267 1845 1366 1904 ubi
1419 1843 1606 1905 semel·

238 1931 299 1990 in
346 1926 619 2009 Hispania
654 1930 845 1988 movit
872 1927 979 1995 ‚illa
1016 1929 1206 2007 gravis
1244 1926 1314 1986 &
1347 1924 1606 1986 luEiuosa

238 2009 440 2072 Punici
466 2009 607 2068 belli
643 2012 734 2068 vis
770 2026 939 2089 atque
978 2005 1288 2088 tempestas
1311 2027 1332 2079 ;
1357 2005 1604 2066 destina-

240 2107 483 2170 tumque
518 2088 795 2148 Romanis
835 2088 951 2166 jam
988 2087 1088 2145 diu
1122 2085 1340 2146 fulmen
1375 2084 1618 2168 Sagun-·

238 2172 367 2232 tino
413 2171 545 2249 igne
590 2168 867 2228 donflavit
900 2190 921 2242 3
954 2166 1144 2226 statim
1187 2165 1439 2246 quodam
1487 2169 1606 2225 im-

286 2268 381 2312 etu
418 2266 579 2329 rapta
612 2249 831 2315 medias
864 2245 1135 2329 perfregit
1162 2246 1354 2326 Alpes
1391 2267 1409 2318 ;
1437 2247 1502 2307 &
1537 2249 1608 2306 in

240 2273 465 2394 fxaliam
506 2331 579 2390 ab
628 2330 745 2390 illis
788 2325 1058 2388 fabulosae
1101 2325 1410 2386 altitudinis
1450 2327 1606 2386 nivi-

243 2413 355 2472 bus
383 2455 405 2482 ,
454 2410 623 2471 velut
664 2410 821 2470 coelo
872 2405 1033 2468 missa
1073 2452 1093 2482 ‚
1143 2405 1456 2468 descendit.
1500 2405 1604 2468 Ac

245 2492 799 2636 ffssassssffissmvssff
826 2487 1608 2651 ‹iffisiaffib‘irss'gffr‘epi‘lssffi

248 2653 397 2715 nuit.
444 2648 613 2710 Tunc
660 2650 933 2732 Scipione
991 2651 1140 2710 duce
1187 2648 1338 2710 fusus
1391 2652 1608 2710 exerci-

248 2749 367 2796 tus.
392 2728 627 2794 Saucius
660 2733 841 2796 etiam
870 2727 993 2814 ipse
1028 2726 1270 2812 venifi'et
1302 2731 1364 2792 in
1400 2749 1610 2793 manus
