2067 3667
548 305 826 376 Hts‘r.
878 303 1186 376 Lzssssn
1238 306 1349 376 II.
1472 327 1596 394 141

253 437 538 506 motoque
591 426 844 485 exercitu
884 445 1003 484 non
1048 424 1175 506 plus
1221 425 1393 504 quium
1440 425 1607 503 quin-

241 527 370 586 ·que
407 506 630 564 dierum
665 508 772 564 iter
797 526 830 563 a
859 507 1059 585 primis
1096 503 1343 564 hostium
1368 550 1387 578 ,
1418 500 1609 563 Satur·

256 590 453 644 ninum
498 586 798 645 admoveri
885 586 1177 645 lacuerat:
1220 583 1387 666 cujus·
1425 606 1495 644 co
1538 586 1607 643 iae

255 687 407 746 pene
457 666 660 748 aequali
709 607 904 726 divis&
943 664 1251 726 intervallo
1282 664 1353 724 ab
1397 665 1476 724 ho
1526 685 1601 737 e,

253 750 406 806 intra
452 767 668 827 paucos
720 746 842 805 dies
886 748 943 804 in
980 745 1255 828 p‚raedi&o
1299 747 1433 806 loco
1474 757 1608 804 cum

255 825 484 888 Caesare
531 825 803 906 junaurae
855 842 1013 886 erant
1053 847 1073 899 3
1122 845 1315 908 quum·
1350 823 1611 885 universa

247 907 548 968 Pannonia
582 949 601 979 ,
645 905 896 966 insolens
947 906 1135 988 longae
1190 907 1344 987 pacis
1396 905 1608 975 bonis,

257 989 326 1049 &
345 989 536 1048 adulta
569 988 787 1047 viribus
819 985 1110 1047 Dalmatia
1127 1029 1148 1057 ,
1172 987 1438 1049 omnibus
1468 1001 1613 1044 trac-

257 1067 348 1128 tiis
385 1065 511 1146 ejus
547 1069 808 1148 gentibus
843 1070 902 1126 in
935 1065 1268 1128 societatem
1306 1064 1555 1124 adduffls
1590 1109 1611 1138 ,

255 1147 512 1209 constitit
534 1191 558 1218 ,
610 1169 766 1208 arma
821 1149 1114 1228 corripuit.
1154 1145 1313 1206 Tum
1360 1143 1613 1205 necessa-

261 1232 344 1289 ria
379 1229 642 1312 gloriosis
679 1230 982 1310 praeposita
1009 1249 1032 1303 3
1072 1247 1263 1308 neque
1297 1242 1483 1286 tutum
1518 1227 1611 1286 vi-

257 1309 386 1370 sum
403 1355 420 1383 ‚
446 1308 641 1369 abdito
669 1313 728 1368 in
750 1311 1020 1371 interiora
1054 1309 1305 1368 exercitu
1324 1349 1343 1379 ‚
1368 1326 1613 1368 vacuam

259 1408 379 1450 tam
412 1392 607 1452 vicino
643 1387 790 1450 hosti
822 1389 1145 1472 relinquere
1180 1387 1419 1448 Italiam.
1448 1384 1615 1447 Gen·-

263 1472 408 1530 tium
454 1473 909 1552 nationumque,
963 1491 1091 1551 quae
1144 1467 1563 1529 rebellaverant
1587 1494 1611 1538 ·,

263 1553 455 1611 omnis
494 1571 763 1610 numerus
803 1550 1043 1630 ampliiss
1083 1547 1403 1629 offingenta
1436 1546 1615 1605 millia

265 1628 534 1709 explebat
566 1652 586 1703 3
623 1630 866 1689 ducenta
914 1629 1037 1708 fere
1077 1628 1337 1707 peditum
1379 1625 1616 1707 collige-

267 1711 474 1770 bantur
495 1753 516 1781 ,
548 1711 717 1767 armis
753 1707 959 1767 habilia
996 1729 1016 1781 3
1064 1709 1317 1787 equitum
1354 1725 1614 1767 novem:

265 1787 430 1868 cujus
447 1787 735 1849 immensae
760 1786 1131 1848 multitudinis
1149 1833 1169 1858 ‚
1188 1787 1435 1870 parentis
1461 1805 1618 1846 acer·

265 1873 426 1930 rimis
460 1891 526 1930 ac
556 1871 910 1951 peritissimis
941 1869 1179 1929 ducibus
1200 1915 1217 1941 ‚
1252 1888 1383 1948 pars
1419 1883 1616 1947 petere

263 1950 488 2012 Italiam
510 1951 847 2012 decreverat
867 1987 886 2023 ,
915 1947 1165 2029 junEiam
1190 1948 1297 2008 sibi
1329 1945 1619 2028 Nauporti

263 2030 666 2113 ac'Tergestis
710 2029 963 2091 confinio
1000 2051 1021 2105 3
1060 2049 1189 2110 pars
1226 2031 1288 2087 in
1336 2027 1619 2088 Macedo·

267 2113 423 2170 niam
457 2108 515 2170 se
553 2109 827 2170 effuderat
851 2133 870 2186 3
898 2131 1030 2192 pars
1065 2109 1175 2168 suis
1208 2106 1433 2167 sedibus
1513 2127 1620 2166 1·ae-

270 2187 611 2250 sidium·effe
640 2187 1032 2251 destinaverat.
1051 2189 1319 2248 Proxima
1348 2129 1573 2246 duofius
1597 2230 1620 2261 ‚

269 2271 476 2333 Batoni
513 2291 578 2330 ac
613 2269 840 2341 pineti,
878 2268 1115 2328 ducibus
1146 2265 1443 2326 ειηέὶοῐίτεε
1480 2284 1619 2327 erat.

269 2351 338 2412 In
369 2350 636 2413 omnibus
671 2366 864 2410 autem
895 2349 1203 2408 Pannoniis
1233 2367 1351 2406 non
1380 2344 1622 2427 discipli-

269 2453 360 2492 nae
395 2431 798 2493 tantummodo
824 2475 843 2503 ‚
878 2428 976 2490 sed
1007 2429 1213 2512 linguae
1246 2447 1479 2508 quoque
1510 2448 1621 2488 no·
1674 2473 1679 2476 -

273 2515 401 2570 titia
431 2512 712 2572 Romanae
734 2556 753 2586 ,
788 2509 1069 2593 plerisque
1102 2511 1272 2570 etiam
1308 2510 1622 2568 litterarum

274 2590 405 2651 usus
435 2593 500 2652 ὃ(
529 2590 810 2650 familiaris
843 2594 1163 2651 animorum
1192 2604 1312 2649 erat
1346 2591 1623 2648 exercita-

272 2674 374 2731 tio·
407 2669 609 2752 Itaque
643 2670 902 2729 hercules
925 2713 944 2743 ,
979 2670 1135 2728 nulla
1166 2689 1435 2750 umquam
1462 2670 1623 2728 natio

275 2769 392 2814 tam
433 2749 654 2814 mature
695 2749 938 2811 consilio
973 2749 1113 2811 belli
1143 2741 1363 2811 bellum
1397 2747 1621 2830 junxi-t,
