2067 3667
518 263 613 364 36
757 264 835 334 L.
883 265 1250 336 ANNE!
1297 265 1601 334 onnt

516 381 621 446 est.
657 381 1082 446 Nihil‘inollius
1114 382 1266 444 coelo
1302 405 1318 444 ι
1353 382 1601 466 denique
1637 381 1726 444 bis
1753 379 1868 450 fio,-

508 463 667 526 ribus
723 481 941 525 vernat.
988 463 1152 524 Nihil
1198 463 1425 524 uberius
1477 461 1600 524 solo
1656 483 1672 524 ε
1724 462 1864 524 ideo

512 543 709 606 Liberi
742 541 1086 626 Cererisque
1119 561 1408 605 certamen
1445 544 1667 604 dicitur.
1703 541 1868 606 Nihil

512 621 847 704 hospitalius
881 627 1027 684 mari
1059 645 1074 684 ε
1116 625 1212 686 hic
1243 625 1325 686 ini
1359 625 1586 690 nobiles
1665 639 1864 694 ortus,

514 702 723 765 Caieta
759 749 780 779 ‚
830 701 1086 766 Misenus
1125 748 1146 778 ‚
1194 706 1258 766 &
1306 720 1569 788 tepentes
1637 703 1866 764 ontibus

512 783 671 847 1323·ae
721 781 1069 848 :Lucrinus
1117 785 1184 846 δι
1231 783 1504 846 Avernus
1532 831 1553 862 ‚
1600 783 1866 866 quaedam

514 863 687 926 maris
738 865 874 925 otia.
928 863 1043 926 Hic
1089 863 1278 926 amiffl
1329 866 1542 927 vitibus
1589 882 1818 926 montes
1842 907 1867 941 ,

518 943 749 1008 Gaurus
770 990 789 1020 ,
810 943 1081 1006 Falernus
1102 991 1125 1018 ,
1159 943 1440 1008 Massicus
1461 992 1484 1019 ,
1513 947 1576 1008 &
1609 945 1872 1026 pulcher·

516 1027 697 1087 rimus
751 1027 1014 1086 omnium
1069 1025 1358 1088 Vesuvius
1382 1073 1402 1099 ,
1457 1027 1667 1090 AEtnaei
1723 1029 1740 1086 i
1781 1027 1870 1087 nis

517 1105 791 1168 imitator.
834 1106 1029 1168 Urbes
1075 1108 1148 1172 ad
1185 1127 1341 1168 mare
1364 1153 1387 1180 ‚
1423 1107 1666 1168 Formiae
1687 1152 1706 1177 ,
1807 1127 1871 1168 u-

518 1205 633 1251 mae
663 1230 684 1260 ‚
716 1185 943 1248 Puteoli
974 1233 995 1261 ,
1030 1187 1312 1270 Neapolis
1345 1233 1369 1260 2
1399 1187 1868 1261 Herculaneum,

518 1263 827 1346 Pompeii,
864 1269 929 1328 &
974 1268 1094 1352 ipsa
1136 1285 1305 1351 caput
1348 1268 1576 1329 urbium
1624 1265 1825 1350 Capua
1848 1309 1872 1344 ,

564 1347 817 1406 uondam
860 1348 1009 1407 inter
1059 1365 1176 1409 tres
1213 1351 1488 1410 maximas
1508 1351 1550 1422 ,s
1573 1347 1826 1410 Romam
1849 1391 1872 1422 ,

518 1368 1047 1522 {arthaginemque
1077 1447 1396 1492 numerata.
1419 1429 1533 1492 Pro
1561 1429 1668 1492 hac
1690 1430 1834 1492 urbe
1850 1472 1876 1504 ,

520 1505 612 1567 his
642 1507 969 1590 regionibus
994 1508 1243 1592 populus
1265 1510 1564 1572 Romanus
1595 1507 1872 1572 Samnitas

518 1587 730 1650 invasit
749 1633 769 1660 ‚
814 1606 1047 1671 gentem
1077 1637 1095 1661 ‚
1133 1593 1182 1650 si
1228 1591 1584 1688 opulentiam
1621 1593 1828 1674 quaeris
1850 1635 1872 1667 ,

519 1670 711 1731 aureis
738 1671 803 1732 δι
828 1673 1112 1752 argenteis
1144 1693 1312 1733 armis
1339 1717 1358 1745 ,
1389 1671 1654 1734 discolori
1673 1671 1868 1742 veste,

518 1748 702 1830 usque
734 1750 807 1809 ad
838 1751 1116 1812 ambitum
1147 1770 1417 1814 armatam
1444 1775 1458 1814 t
1485 1755 1531 1814 si
1557 1751 1830 1812 fallaciam
1849 1794 1875 1826 ,

520 1827 751 1890 saltibus
788 1828 907 1889 fere
948 1832 1013 1892 &
1063 1836 1346 1893 montium
1392 1831 1591 1894 frande
1630 1831 1871 1915 graffau-

517 1925 641 1970 tem
668 1930 685 1970 2
721 1911 768 1969 si
805 1909 1022 1970 rabiem
1055 1933 1122 1972 ac
1153 1912 1409 1974 furorem
1430 1958 1449 1987 ‚
1481 1913 1701 1976 sacratis
1731 1913 1782 1986 le
1825 1915 1872 1973 i·

518 1989 628 2051 bus
651 2034 674 2061 ‚
707 1989 1080 2074 humanisque
1115 1991 1311 2053 hostiis
1345 1995 1404 2052 in
1439 1997 1670 2055 exitium
1695 1993 1782 2054 Ur
1823 1996 1875 2054 is

518 2071 785 2154 agitatam
810 2093 829 2132 .·
858 2075 903 2132 si
928 2075 1293 2152 pertinaciam
1315 2121 1332 2145 ‚
1357 2073 1539 2136 sexies
1559 2091 1729 2155 rupto
1759 2073 1873 2134 foe·

519 2149 696 2228 dere,
726 2151 1094 2234 cladibusque
1119 2156 1252 2237 ipsis
1291 2157 1717 2218 anirnosiorem.
1740 2154 1882 2216 Hos·

517 2247 715 2296 tamen
756 2236 1166 2316 quinquaginta
1208 2238 1370 2296 annis
1453 2256 1516 2296 er
1557 2234 1766 2294 Fabios
1807 2236 1874 2296 δι

515 2310 778 2394 Papirios
848 2333 997 2374 atres
1016 2360 1037 2388 ‚
1065 2335 1380 2395 eorumque
1425 2316 1618 2374 iberos
1641 2315 1720 2373 ita
1747 2314 1878 2376 sub-

517 2395 637 2475 egit
673 2414 739 2455 ac
822 2395 1009 2454 omuit
1041 2438 1064 2466 ,
1111 2397 1190 2455 ita
1227 2397 1412 2454 ruinas
1458 2389 1602 2472 ipsas
1643 2393 1876 2458 urbium

516 2474 726 2545 diruit,
762 2489 827 2532 ut
852 2473 1029 2532 hodie
1067 2471 1358 2534 Samnium
1385 2473 1446 2532 in
1477 2471 1600 2554 ipso
1635 2471 1874 2539 Samnio
1997 2473 2003 2478 ’

514 2555 831 2634 requiratur
872 2573 893 2625 ;
940 2571 1048 2610 nec
1103 2551 1268 2612 facile
1316 2572 1584 2694 appareat
1633 2557 1874 2616 materia

514 2647 761 2716 quatuor
794 2633 860 2695 &
896 2633 1100 2714 viginti
1137 2634 1350 2716 triump
1391 2656 1577 2698 orum.
1613 2635 1872 2700 Maxime

513 2729 709 2776 tamen
730 2730 871 2777 nota
899 2712 1214 2778 &illustris
1238 2736 1312 2779 ex
1343 2717 1450 2780 hac
1479 2733 1652 2802 gente
1674 2715 1874 2780 clades
