2067 3667
517 305 571 386 ’4
698 291 1169 392 GERARDI
1218 285 1284 361 J.
1343 288 1681 358 Vosstt

522 417 721 470 siculos
738 455 753 480 ‚
783 417 835 468 δι
862 414 919 466 in
940 427 1101 484 quem
1121 411 1305 464 versus
1329 407 1545 462 Adriani
1565 405 1880 478 Spartianus

530 491 710 544 refert.

1012 556 1042 613 J
1048 557 1144 610 ulii
1174 555 1340 612 flori.

742 633 851 702 Ego
883 630 999 683 nolo
1030 630 1184 696 Caefiv·
1214 627 1298 694 effe
1319 647 1336 680 .·

742 706 997 757 Ambulare
1018 723 1109 772 per
1131 703 1392 753 Britannos
1413 719 1433 754 0·

742 779 997 846 Scythicas
1023 780 1134 845 pari
1156 780 1372 844 pruinas.

875 852 1177 918 Respondet
1206 849 1425 902 Adrian-

746 923 855 994 Ego
889 925 1005 974 nolo
1037 923 1206 974 Florus
1235 920 1354 988 effe:

746 998 1003 1049 Ambulare
1029 1015 1116 1064 per
1143 996 1391 1050 tabernas-t

752 1073 967 1122 Latitare
993 1089 1078 1138 per
1101 1073 1308 1138 popinas
1327 1087 1344 1119 .·

752 1146 941 1195 Calices
968 1147 1078 1212 pati
1101 1145 1347 1192 rotundos.

535 1221 821 1288 Quemque
851 1221 1112 1270 Annaeum
1139 1217 1354 1268 Florum
1385 1211 1659 1267 Charisius
1687 1223 1892 1279 νοοίης

539 1296 593 1346 ὃ(
624 1309 694 1345 ex
720 1290 869 1356 cujus
902 1293 965 1343 ad
993 1291 1203 1340 Divum
1237 1287 1524 1340 Adrianum
1555 1286 1774 1355 epistola
1804 1303 1890 1355 ge·

538 1365 693 1418 mino
723 1365 780 1415 in
808 1367 931 1416 loco
963 1362 1092 1414 citat
1123 1361 1210 1412 illa
1241 1363 1404 1414 verba
1423 1401 1437 1425 ‚
1460 1358 1710 1411 Poematis
1733 1361 1892 1411 delee..

541 1453 631 1488 tor.
674 1434 809 1489 Sane
844 1434 989 1504 quod
1022 1433 1287 1503 poematis
1323 1434 1568 1486 delestari
1602 1435 1655 1487 se
1691 1433 1764 1486 ait
1787 1473 1803 1498 ‚
1834 1433 1896 1487 id

541 1527 657 1563 non
686 1509 933 1562 abhorret
967 1509 1029 1559 ab
1068 1505 1223 1571 hujus
1251 1507 1556 1575 compendii
1585 1506 1842 1574 scriptore
1875 1545 1893 1571 ‚

544 1585 757 1654 quando
788 1582 952 1652 stylus
988 1579 1104 1646 ejus
1141 1582 1196 1632 in
1227 1581 1443 1633 historia
1472 1579 1544 1633 est
1574 1583 1895 1634 declamato-

544 1658 688 1718 ιὶιις,
716 1673 779 1708 ac
811 1654 1029 1724 poe'tico
1059 1654 1315 1722 propior,
1349 1657 1482 1707 adeo
1515 1670 1575 1706 ut
1606 1655 1766 1706 etiam
1793 1654 1896 1706 he-

544 1729 807 1782 mistichia
833 1727 1054 1797 Virgilii
1087 1729 1385 1796 profundat.
1411 1729 1474 1779 Et
1499 1742 1678 1780 tamen
1702 1745 1762 1780 ea
1789 1743 1898 1795 po-

545 1803 756 1855 tissima
784 1801 857 1853 est
878 1801 1020 1853 Flori
1047 1800 1210 1853 nostri
1237 1804 1350 1854 laus
1367 1840 1386 1864 ,
1410 1799 1555 1870 quod
1579 1801 1804 1870 scriptor
1821 1799 1900 1853 est

546 1878 761 1944 elegans
777 1913 793 1938 ‚
820 1875 873 1926 &
896 1875 1119 1926 disertus
1137 1914 1151 1938 ‚
1174 1876 1226 1926 δε
1246 1914 1260 1937 ,
1286 1875 1330 1926 si
1355 1877 1572 1942 paucula
1591 1873 1863 1943 exceperis
1879 1912 1900 1939 ,

550 1965 671 2017 quae
708 1948 948 2017 frigidius
990 1947 1127 2000 dieta
1163 1949 1413 2002 videntur
1439 1987 1455 2010 ‚
1491 1946 1619 2000 vere
1655 1947 1901 2001 floridus,
1933 1945 1938 1950 ”

550 2022 656 2074 Sed
685 2022 803 2072 latae
840 2020 913 2072 est
943 2023 1110 2089 culpae
1143 2037 1264 2074 reus
1287 2058 1301 2082 ,
1331 2019 1476 2088 quod
1507 2020 1564 2072 in
1594 2036 1904 2089 temporum

550 2094 761 2146 ratione
790 2095 955 2162 usque
986 2097 1120 2147 adeo
1148 2093 1421 2162 negligens
1451 2093 1521 2146 sit
1549 2112 1566 2153 3
1595 2094 1668 2147 ita
1699 2111 1758 2147 ut
1789 2110 1906 2146 non

550 2167 731 2236 possit
754 2183 865 2219 non
888 2167 1077 2235 saepius
1106 2167 1411 2228 allucinari,
1437 2167 1527 2234 qui
1548 2169 1689 2220 hunc
1713 2169 1910 2220 ducem

554 2240 706 2308 sequi
732 2241 887 2294 velit.
916 2242 1084 2294 Valde
1121 2255 1296 2292 autem
1331 2240 1614 2302 falluntur,
1653 2241 1743 2307 qui
1777 2255 1908 2292 eum

554 2328 749 2382 putant
784 2315 841 2366 in
881 2313 1095 2366 historia
1127 2314 1214 2365 sua
1255 2312 1526 2379 epitomen
1563 2311 1716 2362 nobis
1753 2312 1911 2364 Livii

558 2389 682 2440 dare
710 2385 957 2439 voluiss'e.
988 2385 1261 2452 Siquidem
1295 2382 1479 2436 crebro
1505 2399 1534 2434 a
1559 2382 1721 2435 Livio
1750 2399 1912 2440 rece·-
1935 2403 1948 2407 ’

559 2459 655 2511 dit.
700 2461 813 2510 Nec
852 2457 1005 2510 facile
1044 2457 1268 2508 dixerim
1301 2494 1316 2516 ‚
1359 2455 1570 2508 idemne
1597 2495 1613 2520 ,
1659 2465 1728 2508 an
1767 2459 1910 2512 alius

560 2531 633 2586 sit
650 2571 665 2595 ,
685 2531 775 2598 qui
798 2529 1128 2597 singulorum
1154 2527 1264 2581 fere
1294 2527 1434 2580 Livii
1464 2529 1726 2584 librorum
1751 2547 1914 2601 argu-

561 2618 739 2659 menta
769 2601 1017 2670 reliquit,
1047 2617 1166 2670 quae
1193 2601 1354 2654 hodie
1381 2602 1616 2666 exstant,
1647 2605 1810 2656 etiam
1835 2603 1914 2656 li-

560 2679 775 2729 brorum
788 2711 805 2733 ,
828 2675 920 2743 qui
940 2675 1293 2744 deperierunt.
1313 2677 1414 2728 Sed
1431 2713 1448 2740 ,
1469 2693 1590 2730 ecce
1610 2716 1627 2741 ,
1648 2678 1710 2729 de
1730 2675 1918 2730 nomi-

563 2764 632 2799 ne
660 2747 820 2799 etiam
844 2748 1118 2818 scriptoris
1142 2749 1292 2802 litem
1315 2765 1540 2804 movent
1559 2749 1666 2802 viri
1691 2749 1914 2802 eruditi.

564 2821 877 2892 Scrupulum
892 2821 959 2878 iis
979 2821 1158 2894 injicit
1171 2863 1186 2889 ,
1211 2821 1359 2896 quod
1372 2822 1782 2880 Lactantius-lib.
1801 2837 1924 2880 vu·-
