<?xml version="1.0" encoding="UTF-8"?>
<!DOCTYPE html PUBLIC "-//W3C//DTD XHTML 1.0 Transitional//EN"
    "http://www.w3.org/TR/xhtml1/DTD/xhtml1-transitional.dtd">
<html xmlns="http://www.w3.org/1999/xhtml" xml:lang="en" lang="en">
 <head>
  <title>
</title>
<meta http-equiv="Content-Type" content="text/html;charset=utf-8" />
  <meta name='ocr-system' content='tesseract 3.04.00' />
  <meta name='ocr-capabilities' content='ocr_page ocr_carea ocr_par ocr_line ocrx_word'/>
</head>
<body>
  <div class='ocr_page' id='page_1' title='image "./caiivelleiipate00lallgoog_0181.png"; bbox 0 0 2067 3667; ppageno 0'>
   <div class='ocr_carea' id='block_1_1' title="bbox 555 259 1624 357">
    <p class='ocr_par' dir='ltr' id='par_1_1' title="bbox 555 259 1624 357">
     <span class='ocr_line' id='line_1_1' title="bbox 555 259 1624 357; baseline 0 -28"><span class='ocrx_word' id='word_1_1' title='bbox 555 259 836 329; x_wconf 78' lang='lat' dir='ltr'>Htsr.</span> <span class='ocrx_word' id='word_1_2' title='bbox 887 261 1206 329; x_wconf 73' lang='lat' dir='ltr'><em>LIBER</em></span> <span class='ocrx_word' id='word_1_3' title='bbox 1257 260 1361 331; x_wconf 88' lang='grc'>11.</span> <span class='ocrx_word' id='word_1_4' title='bbox 1481 280 1624 357; x_wconf 82' lang='lat'>159</span> 
     </span>
    </p>
   </div>
   <div class='ocr_carea' id='block_1_2' title="bbox 207 376 1637 2810">
    <p class='ocr_par' dir='ltr' id='par_1_2' title="bbox 249 376 1630 871">
     <span class='ocr_line' id='line_1_2' title="bbox 259 376 1627 459; baseline -0.003 -16"><span class='ocrx_word' id='word_1_5' title='bbox 259 401 398 443; x_wconf 84' lang='lat' dir='ltr'>meo</span> <span class='ocrx_word' id='word_1_6' title='bbox 420 424 442 453; x_wconf 84' lang='lat'>‚</span> <span class='ocrx_word' id='word_1_7' title='bbox 476 380 794 441; x_wconf 84' lang='lat' dir='ltr'>candidatis</span> <span class='ocrx_word' id='word_1_8' title='bbox 835 376 1071 441; x_wconf 83' lang='lat' dir='ltr'>Caesaris</span> <span class='ocrx_word' id='word_1_9' title='bbox 1090 424 1109 449; x_wconf 90' lang='lat'><em>,</em></span> <span class='ocrx_word' id='word_1_10' title='bbox 1144 378 1407 459; x_wconf 59' lang='lat' dir='ltr'>proxime</span> <span class='ocrx_word' id='word_1_11' title='bbox 1439 400 1472 437; x_wconf 90' lang='lat' dir='ltr'>a</span> <span class='ocrx_word' id='word_1_12' title='bbox 1505 399 1627 439; x_wconf 68' lang='lat' dir='ltr'>no-</span> 
     </span>
     <span class='ocr_line' id='line_1_3' title="bbox 251 456 1630 541; baseline -0.002 -19"><span class='ocrx_word' id='word_1_13' title='bbox 251 462 550 541; x_wconf 33' lang='lat' dir='ltr'>·bilissimis</span> <span class='ocrx_word' id='word_1_14' title='bbox 591 483 656 521; x_wconf 92' lang='lat' dir='ltr'>ac</span> <span class='ocrx_word' id='word_1_15' title='bbox 700 456 1087 521; x_wconf 80' lang='lat' dir='ltr'>sacerdotibus</span> <span class='ocrx_word' id='word_1_16' title='bbox 1127 462 1266 519; x_wconf 86' lang='lat' dir='ltr'>viris</span> <span class='ocrx_word' id='word_1_17' title='bbox 1290 503 1315 532; x_wconf 85' lang='lat'>‚</span> <span class='ocrx_word' id='word_1_18' title='bbox 1354 456 1630 519; x_wconf 63' lang='lat' dir='ltr'>destinari*</span> 
     </span>
     <span class='ocr_line' id='line_1_4' title="bbox 257 538 1624 625; baseline -0.001 -24"><span class='ocrx_word' id='word_1_19' title='bbox 257 544 883 625; x_wconf 73' lang='lat' dir='ltr'>praetoribuscontigit</span> <span class='ocrx_word' id='word_1_20' title='bbox 923 562 944 613; x_wconf 90' lang='lat'>;</span> <span class='ocrx_word' id='word_1_21' title='bbox 995 538 1311 601; x_wconf 85' lang='lat' dir='ltr'>consecutis</span> <span class='ocrx_word' id='word_1_22' title='bbox 1346 585 1367 614; x_wconf 90' lang='lat'>,</span> <span class='ocrx_word' id='word_1_23' title='bbox 1406 557 1469 599; x_wconf 91' lang='lat' dir='ltr'>ut</span> <span class='ocrx_word' id='word_1_24' title='bbox 1510 560 1624 601; x_wconf 84' lang='lat' dir='ltr'>ne·</span> 
     </span>
     <span class='ocr_line' id='line_1_5' title="bbox 259 619 1615 705; baseline -0.002 -21"><span class='ocrx_word' id='word_1_25' title='bbox 259 645 372 705; x_wconf 87' lang='lat' dir='ltr'>que</span> <span class='ocrx_word' id='word_1_26' title='bbox 407 620 536 705; x_wconf 91' lang='lat' dir='ltr'>post</span> <span class='ocrx_word' id='word_1_27' title='bbox 565 645 674 683; x_wconf 85' lang='lat' dir='ltr'>nos</span> <span class='ocrx_word' id='word_1_28' title='bbox 704 644 1052 705; x_wconf 79' lang='lat' dir='ltr'>quemquam</span> <span class='ocrx_word' id='word_1_29' title='bbox 1074 620 1264 681; x_wconf 84' lang='lat' dir='ltr'>Divus</span> <span class='ocrx_word' id='word_1_30' title='bbox 1289 619 1615 703; x_wconf 84' lang='lat' dir='ltr'>Augustus,</span> 
     </span>
     <span class='ocr_line' id='line_1_6' title="bbox 257 698 1617 787; baseline -0.003 -22"><span class='ocrx_word' id='word_1_31' title='bbox 257 726 448 787; x_wconf 89' lang='lat' dir='ltr'>neque</span> <span class='ocrx_word' id='word_1_32' title='bbox 475 721 622 785; x_wconf 29' lang='lat' dir='ltr'>‚ante</span> <span class='ocrx_word' id='word_1_33' title='bbox 661 725 768 764; x_wconf 82' lang='lat' dir='ltr'>nos</span> <span class='ocrx_word' id='word_1_34' title='bbox 806 700 996 765; x_wconf 84' lang='lat' dir='ltr'>Caesar</span> <span class='ocrx_word' id='word_1_35' title='bbox 1036 700 1473 764; x_wconf 84' lang='lat' dir='ltr'>commendaret</span> <span class='ocrx_word' id='word_1_36' title='bbox 1510 698 1617 761; x_wconf 86' lang='lat' dir='ltr'>Ti-</span> 
     </span>
     <span class='ocr_line' id='line_1_7' title="bbox 249 786 515 871; baseline 0.004 -26"><span class='ocrx_word' id='word_1_37' title='bbox 249 786 470 871; x_wconf 42' lang='lat' dir='ltr'>&#39;beriux</span> <span class='ocrx_word' id='word_1_38' title='bbox 509 857 515 863; x_wconf 86' lang='lat'>.</span> 
     </span>
    </p>

    <p class='ocr_par' dir='ltr' id='par_1_3' title="bbox 207 862 1637 2241">
     <span class='ocr_line' id='line_1_8' title="bbox 343 862 1631 946; baseline -0.004 -18"><span class='ocrx_word' id='word_1_39' title='bbox 343 863 642 942; x_wconf 30' lang='lat' dir='ltr'>CXXV..</span> <span class='ocrx_word' id='word_1_40' title='bbox 659 862 821 926; x_wconf 85' lang='lat' dir='ltr'>Tulit</span> <span class='ocrx_word' id='word_1_41' title='bbox 852 866 1112 946; x_wconf 69' lang='lat' dir='ltr'>protinus</span> <span class='ocrx_word' id='word_1_42' title='bbox 1141 864 1361 925; x_wconf 85' lang='lat' dir='ltr'>voti&amp;</span> <span class='ocrx_word' id='word_1_43' title='bbox 1392 862 1631 925; x_wconf 85' lang='lat' dir='ltr'>consilii·</span> 
     </span>
     <span class='ocr_line' id='line_1_9' title="bbox 247 945 1632 1029; baseline -0.009 -18"><span class='ocrx_word' id='word_1_44' title='bbox 247 946 343 1011; x_wconf 74' lang='lat' dir='ltr'>sui</span> <span class='ocrx_word' id='word_1_45' title='bbox 381 950 628 1029; x_wconf 86' lang='lat' dir='ltr'>pretium</span> <span class='ocrx_word' id='word_1_46' title='bbox 663 945 982 1026; x_wconf 68' lang='lat' dir='ltr'>respublica</span> <span class='ocrx_word' id='word_1_47' title='bbox 1008 966 1027 1018; x_wconf 89' lang='lat'>;</span> <span class='ocrx_word' id='word_1_48' title='bbox 1054 956 1243 1027; x_wconf 86' lang='lat' dir='ltr'>neque</span> <span class='ocrx_word' id='word_1_49' title='bbox 1280 945 1379 1003; x_wconf 88' lang='lat' dir='ltr'>diu</span> <span class='ocrx_word' id='word_1_50' title='bbox 1412 945 1575 1004; x_wconf 83' lang='lat' dir='ltr'>latuit</span> <span class='ocrx_word' id='word_1_51' title='bbox 1594 986 1632 1018; x_wconf 86' lang='lat'>,.</span> 
     </span>
     <span class='ocr_line' id='line_1_10' title="bbox 252 1022 1619 1109; baseline -0.002 -21"><span class='ocrx_word' id='word_1_52' title='bbox 252 1045 362 1095; x_wconf 71' lang='lat' dir='ltr'>⁴aut</span> <span class='ocrx_word' id='word_1_53' title='bbox 407 1028 547 1109; x_wconf 90' lang='lat' dir='ltr'>quid</span> <span class='ocrx_word' id='word_1_54' title='bbox 596 1048 717 1085; x_wconf 87' lang='lat' dir='ltr'>non</span> <span class='ocrx_word' id='word_1_55' title='bbox 770 1026 1137 1109; x_wconf 87' lang='lat' dir='ltr'>impetrando</span> <span class='ocrx_word' id='word_1_56' title='bbox 1179 1022 1384 1105; x_wconf 87' lang='lat' dir='ltr'>passuri</span> <span class='ocrx_word' id='word_1_57' title='bbox 1429 1022 1619 1085; x_wconf 85' lang='lat' dir='ltr'>fuisse-</span> 
     </span>
     <span class='ocr_line' id='line_1_11' title="bbox 253 1102 1633 1189; baseline -0.002 -20"><span class='ocrx_word' id='word_1_58' title='bbox 253 1130 390 1185; x_wconf 38' lang='grc' dir='ltr'>,πως</span> <span class='ocrx_word' id='word_1_59' title='bbox 410 1152 432 1181; x_wconf 84' lang='lat'><em>,</em></span> <span class='ocrx_word' id='word_1_60' title='bbox 457 1125 552 1169; x_wconf 89' lang='lat' dir='ltr'>aut</span> <span class='ocrx_word' id='word_1_61' title='bbox 589 1106 730 1189; x_wconf 90' lang='lat' dir='ltr'>quid</span> <span class='ocrx_word' id='word_1_62' title='bbox 763 1106 1129 1188; x_wconf 81' lang='lat' dir='ltr'>impetrando</span> <span class='ocrx_word' id='word_1_63' title='bbox 1204 1102 1633 1167; x_wconf 79' lang='lat' dir='ltr'>rofeciffemus.-</span> 
     </span>
     <span class='ocr_line' id='line_1_12' title="bbox 263 1186 1621 1271; baseline -0.001 -23"><span class='ocrx_word' id='word_1_64' title='bbox 263 1186 511 1271; x_wconf 88' lang='lat' dir='ltr'>Quippe</span> <span class='ocrx_word' id='word_1_65' title='bbox 552 1189 836 1248; x_wconf 83' lang='lat' dir='ltr'>exercitus</span> <span class='ocrx_word' id='word_1_66' title='bbox 859 1230 879 1260; x_wconf 87' lang='lat'>,</span> <span class='ocrx_word' id='word_1_67' title='bbox 917 1189 1013 1269; x_wconf 89' lang='lat' dir='ltr'>qui</span> <span class='ocrx_word' id='word_1_68' title='bbox 1056 1189 1117 1245; x_wconf 90' lang='lat' dir='ltr'>in</span> <span class='ocrx_word' id='word_1_69' title='bbox 1216 1188 1466 1247; x_wconf 87' lang='lat' dir='ltr'>ermania</span> <span class='ocrx_word' id='word_1_70' title='bbox 1508 1188 1621 1247; x_wconf 86' lang='lat' dir='ltr'>mi·-</span> 
     </span>
     <span class='ocr_line' id='line_1_13' title="bbox 261 1266 1621 1351; baseline -0.004 -20"><span class='ocrx_word' id='word_1_71' title='bbox 261 1270 460 1331; x_wconf 89' lang='lat' dir='ltr'>litabat</span> <span class='ocrx_word' id='word_1_72' title='bbox 488 1316 507 1341; x_wconf 94' lang='lat'>‚</span> <span class='ocrx_word' id='word_1_73' title='bbox 551 1266 952 1351; x_wconf 87' lang='lat' dir='ltr'>praesentisque</span> <span class='ocrx_word' id='word_1_74' title='bbox 997 1266 1332 1329; x_wconf 86' lang='lat' dir='ltr'>Germanici</span> <span class='ocrx_word' id='word_1_75' title='bbox 1372 1268 1621 1348; x_wconf 83' lang='lat' dir='ltr'>imperio</span> 
     </span>
     <span class='ocr_line' id='line_1_14' title="bbox 247 1350 1629 1432; baseline -0.005 -18"><span class='ocrx_word' id='word_1_76' title='bbox 247 1352 566 1432; x_wconf 65' lang='lat' dir='ltr'>regebatur</span> <span class='ocrx_word' id='word_1_77' title='bbox 603 1394 624 1423; x_wconf 92' lang='lat'><strong>,</strong></span> <span class='ocrx_word' id='word_1_78' title='bbox 669 1351 957 1431; x_wconf 86' lang='lat' dir='ltr'>simulque</span> <span class='ocrx_word' id='word_1_79' title='bbox 1013 1350 1068 1408; x_wconf 92' lang='lat' dir='ltr'>le</span> <span class='ocrx_word' id='word_1_80' title='bbox 1111 1354 1273 1409; x_wconf 83' lang='lat' dir='ltr'>iones</span> <span class='ocrx_word' id='word_1_81' title='bbox 1315 1393 1335 1423; x_wconf 90' lang='lat'><strong>,</strong></span> <span class='ocrx_word' id='word_1_82' title='bbox 1382 1369 1511 1429; x_wconf 85' lang='lat' dir='ltr'>quae</span> <span class='ocrx_word' id='word_1_83' title='bbox 1557 1350 1629 1407; x_wconf 87' lang='lat' dir='ltr'>in-</span> 
     </span>
     <span class='ocr_line' id='line_1_15' title="bbox 260 1370 1627 1513; baseline -0.002 -21"><span class='ocrx_word' id='word_1_84' title='bbox 260 1430 500 1512; x_wconf 88' lang='lat' dir='ltr'>Illyrico</span> <span class='ocrx_word' id='word_1_85' title='bbox 539 1449 737 1505; x_wconf 88' lang='lat' dir='ltr'>erant,</span> <span class='ocrx_word' id='word_1_86' title='bbox 761 1431 917 1491; x_wconf 83' lang='lat' dir='ltr'>rabie</span> <span class='ocrx_word' id='word_1_87' title='bbox 952 1370 1203 1513; x_wconf 55' lang='lat' dir='ltr'>quagam</span> <span class='ocrx_word' id='word_1_88' title='bbox 1234 1430 1301 1491; x_wconf 75' lang='grc' dir='ltr'>δι.</span> <span class='ocrx_word' id='word_1_89' title='bbox 1330 1426 1627 1510; x_wconf 51' lang='lat' dir='ltr'>profunda</span> 
     </span>
     <span class='ocr_line' id='line_1_16' title="bbox 207 1512 1623 1592; baseline -0.003 -19"><span class='ocrx_word' id='word_1_90' title='bbox 207 1534 211 1540; x_wconf 90' lang='grc'><strong><em>·</em></strong></span> <span class='ocrx_word' id='word_1_91' title='bbox 257 1512 653 1573; x_wconf 85' lang='lat' dir='ltr'>confundendi</span> <span class='ocrx_word' id='word_1_92' title='bbox 715 1514 912 1573; x_wconf 89' lang='lat' dir='ltr'>omnia</span> <span class='ocrx_word' id='word_1_93' title='bbox 967 1512 1281 1592; x_wconf 89' lang='lat' dir='ltr'>cupiditate</span> <span class='ocrx_word' id='word_1_94' title='bbox 1321 1554 1339 1582; x_wconf 88' lang='lat'><strong>‚</strong></span> <span class='ocrx_word' id='word_1_95' title='bbox 1394 1529 1623 1570; x_wconf 85' lang='lat' dir='ltr'>novum</span> 
     </span>
     <span class='ocr_line' id='line_1_17' title="bbox 261 1590 1621 1671; baseline -0.003 -16"><span class='ocrx_word' id='word_1_96' title='bbox 261 1595 470 1655; x_wconf 87' lang='lat' dir='ltr'>ducem</span> <span class='ocrx_word' id='word_1_97' title='bbox 509 1638 536 1667; x_wconf 85' lang='lat'>,</span> <span class='ocrx_word' id='word_1_98' title='bbox 571 1614 796 1653; x_wconf 86' lang='lat' dir='ltr'>novum</span> <span class='ocrx_word' id='word_1_99' title='bbox 832 1590 1041 1653; x_wconf 88' lang='lat' dir='ltr'>statum</span> <span class='ocrx_word' id='word_1_100' title='bbox 1071 1635 1091 1664; x_wconf 90' lang='lat'><strong>‚</strong></span> <span class='ocrx_word' id='word_1_101' title='bbox 1130 1611 1347 1650; x_wconf 85' lang='lat' dir='ltr'>novam</span> <span class='ocrx_word' id='word_1_102' title='bbox 1398 1609 1621 1671; x_wconf 86' lang='lat' dir='ltr'>quaere-</span> 
     </span>
     <span class='ocr_line' id='line_1_18' title="bbox 259 1668 1622 1755; baseline -0.003 -20"><span class='ocrx_word' id='word_1_103' title='bbox 259 1676 400 1735; x_wconf 79' lang='lat' dir='ltr'>bant</span> <span class='ocrx_word' id='word_1_104' title='bbox 437 1674 871 1755; x_wconf 86' lang='lat' dir='ltr'>rempublicam.</span> <span class='ocrx_word' id='word_1_105' title='bbox 913 1670 1083 1751; x_wconf 88' lang='lat' dir='ltr'>Quin</span> <span class='ocrx_word' id='word_1_106' title='bbox 1126 1673 1299 1731; x_wconf 85' lang='lat' dir='ltr'>etiam</span> <span class='ocrx_word' id='word_1_107' title='bbox 1335 1672 1455 1731; x_wconf 87' lang='lat' dir='ltr'>ausi</span> <span class='ocrx_word' id='word_1_108' title='bbox 1497 1668 1622 1731; x_wconf 83' lang='lat' dir='ltr'>sunt</span> 
     </span>
     <span class='ocr_line' id='line_1_19' title="bbox 259 1751 1621 1833; baseline -0.006 -14"><span class='ocrx_word' id='word_1_109' title='bbox 259 1758 466 1819; x_wconf 87' lang='lat' dir='ltr'>minari</span> <span class='ocrx_word' id='word_1_110' title='bbox 493 1800 512 1829; x_wconf 91' lang='lat'><strong>,</strong></span> <span class='ocrx_word' id='word_1_111' title='bbox 546 1756 778 1815; x_wconf 87' lang='lat' dir='ltr'>daturos</span> <span class='ocrx_word' id='word_1_112' title='bbox 810 1751 1022 1813; x_wconf 88' lang='lat' dir='ltr'>senatui</span> <span class='ocrx_word' id='word_1_113' title='bbox 1050 1798 1069 1822; x_wconf 87' lang='lat'>‚</span> <span class='ocrx_word' id='word_1_114' title='bbox 1104 1752 1337 1813; x_wconf 84' lang='lat' dir='ltr'>daturos</span> <span class='ocrx_word' id='word_1_115' title='bbox 1374 1752 1621 1833; x_wconf 85' lang='lat' dir='ltr'>principi</span> 
     </span>
     <span class='ocr_line' id='line_1_20' title="bbox 259 1832 1621 1917; baseline -0.004 -20"><span class='ocrx_word' id='word_1_116' title='bbox 259 1837 419 1917; x_wconf 87' lang='lat' dir='ltr'>leges</span> <span class='ocrx_word' id='word_1_117' title='bbox 461 1859 480 1911; x_wconf 80' lang='lat'><em>3</em></span> <span class='ocrx_word' id='word_1_118' title='bbox 530 1836 773 1897; x_wconf 87' lang='lat' dir='ltr'>modum</span> <span class='ocrx_word' id='word_1_119' title='bbox 819 1833 1091 1916; x_wconf 87' lang='lat' dir='ltr'>stipendii·</span> <span class='ocrx_word' id='word_1_120' title='bbox 1114 1878 1145 1906; x_wconf 65' lang='lat'>5</span> <span class='ocrx_word' id='word_1_121' title='bbox 1184 1832 1364 1893; x_wconf 66' lang='lat' dir='ltr'>finem⁴</span> <span class='ocrx_word' id='word_1_122' title='bbox 1402 1832 1621 1893; x_wconf 54' lang='lat' dir='ltr'>militiai.</span> 
     </span>
     <span class='ocr_line' id='line_1_21' title="bbox 249 1912 1623 1999; baseline -0.002 -22"><span class='ocrx_word' id='word_1_123' title='bbox 249 1921 372 1993; x_wconf 46' lang='lat' dir='ltr'>,sibi</span> <span class='ocrx_word' id='word_1_124' title='bbox 407 1920 520 1999; x_wconf 89' lang='lat' dir='ltr'>ipsi</span> <span class='ocrx_word' id='word_1_125' title='bbox 561 1915 908 1977; x_wconf 87' lang='lat' dir='ltr'>constituere</span> <span class='ocrx_word' id='word_1_126' title='bbox 945 1918 1137 1976; x_wconf 86' lang='lat' dir='ltr'>conati</span> <span class='ocrx_word' id='word_1_127' title='bbox 1180 1914 1305 1973; x_wconf 86' lang='lat' dir='ltr'>sunt</span> <span class='ocrx_word' id='word_1_128' title='bbox 1341 1937 1362 1995; x_wconf 20' lang='lat'>:-</span> <span class='ocrx_word' id='word_1_129' title='bbox 1436 1912 1623 1974; x_wconf 81' lang='lat' dir='ltr'>reces-</span> 
     </span>
     <span class='ocr_line' id='line_1_22' title="bbox 261 1994 1633 2075; baseline -0.006 -17"><span class='ocrx_word' id='word_1_130' title='bbox 261 1998 386 2058; x_wconf 72' lang='lat' dir='ltr'>sum</span> <span class='ocrx_word' id='word_1_131' title='bbox 427 2001 601 2058; x_wconf 83' lang='lat' dir='ltr'>etiam</span> <span class='ocrx_word' id='word_1_132' title='bbox 646 2000 706 2057; x_wconf 90' lang='lat' dir='ltr'>in</span> <span class='ocrx_word' id='word_1_133' title='bbox 749 2018 906 2057; x_wconf 86' lang='lat' dir='ltr'>arma</span> <span class='ocrx_word' id='word_1_134' title='bbox 935 2040 954 2069; x_wconf 85' lang='lat'><strong>‚</strong></span> <span class='ocrx_word' id='word_1_135' title='bbox 998 1995 1329 2075; x_wconf 85' lang='lat' dir='ltr'>ferrumque</span> <span class='ocrx_word' id='word_1_136' title='bbox 1419 1994 1633 2055; x_wconf 64' lang='lat' dir='ltr'>rifium.</span> 
     </span>
     <span class='ocr_line' id='line_1_23' title="bbox 265 2076 1635 2158; baseline -0.004 -19"><span class='ocrx_word' id='word_1_137' title='bbox 265 2078 350 2139; x_wconf 84' lang='lat' dir='ltr'>est</span> <span class='ocrx_word' id='word_1_138' title='bbox 383 2102 400 2153; x_wconf 89' lang='lat'>;</span> <span class='ocrx_word' id='word_1_139' title='bbox 439 2080 504 2139; x_wconf 87' lang='lat'>&amp;</span> <span class='ocrx_word' id='word_1_140' title='bbox 543 2099 690 2158; x_wconf 89' lang='lat' dir='ltr'>pene</span> <span class='ocrx_word' id='word_1_141' title='bbox 734 2081 793 2137; x_wconf 91' lang='lat' dir='ltr'>in</span> <span class='ocrx_word' id='word_1_142' title='bbox 833 2078 1099 2139; x_wconf 85' lang='lat' dir='ltr'>ultimum</span> <span class='ocrx_word' id='word_1_143' title='bbox 1134 2076 1456 2157; x_wconf 87' lang='lat' dir='ltr'>gladiorum</span> <span class='ocrx_word' id='word_1_144' title='bbox 1496 2096 1635 2135; x_wconf 64' lang='lat' dir='ltr'>eru-</span> 
     </span>
     <span class='ocr_line' id='line_1_24' title="bbox 264 2158 1637 2241; baseline -0.001 -22"><span class='ocrx_word' id='word_1_145' title='bbox 264 2162 350 2241; x_wconf 86' lang='lat' dir='ltr'>pit</span> <span class='ocrx_word' id='word_1_146' title='bbox 384 2162 732 2240; x_wconf 76' lang='lat' dir='ltr'>impunitas3</span> <span class='ocrx_word' id='word_1_147' title='bbox 760 2158 1061 2239; x_wconf 86' lang='lat' dir='ltr'>defuitque</span> <span class='ocrx_word' id='word_1_148' title='bbox 1098 2160 1197 2237; x_wconf 63' lang='lat' dir='ltr'>qni</span> <span class='ocrx_word' id='word_1_149' title='bbox 1231 2173 1435 2215; x_wconf 85' lang='lat' dir='ltr'>contra</span> <span class='ocrx_word' id='word_1_150' title='bbox 1468 2176 1637 2218; x_wconf 86' lang='lat' dir='ltr'>rem·-</span> 
     </span>
    </p>

    <p class='ocr_par' dir='ltr' id='par_1_4' title="bbox 259 2233 1630 2810">
     <span class='ocr_line' id='line_1_25' title="bbox 309 2233 1621 2319; baseline -0.003 -18"><span class='ocrx_word' id='word_1_151' title='bbox 309 2240 558 2301; x_wconf 87' lang='lat' dir='ltr'>ublicam</span> <span class='ocrx_word' id='word_1_152' title='bbox 602 2240 836 2299; x_wconf 87' lang='lat' dir='ltr'>duceret</span> <span class='ocrx_word' id='word_1_153' title='bbox 875 2283 892 2309; x_wconf 90' lang='lat'>‚</span> <span class='ocrx_word' id='word_1_154' title='bbox 935 2260 1055 2297; x_wconf 86' lang='lat' dir='ltr'>non</span> <span class='ocrx_word' id='word_1_155' title='bbox 1096 2240 1195 2319; x_wconf 91' lang='lat' dir='ltr'>qui</span> <span class='ocrx_word' id='word_1_156' title='bbox 1234 2233 1621 2319; x_wconf 87' lang='lat' dir='ltr'>sequerentur.</span> 
     </span>
     <span class='ocr_line' id='line_1_26' title="bbox 259 2264 1630 2398; baseline -0.004 -15"><span class='ocrx_word' id='word_1_157' title='bbox 259 2264 382 2384; x_wconf 57' lang='lat' dir='ltr'>§ed</span> <span class='ocrx_word' id='word_1_158' title='bbox 424 2322 545 2381; x_wconf 83' lang='lat' dir='ltr'>haec</span> <span class='ocrx_word' id='word_1_159' title='bbox 591 2321 790 2381; x_wconf 86' lang='lat' dir='ltr'>omnia</span> <span class='ocrx_word' id='word_1_160' title='bbox 832 2322 1051 2381; x_wconf 78' lang='lat' dir='ltr'>veteris</span> <span class='ocrx_word' id='word_1_161' title='bbox 1093 2319 1455 2398; x_wconf 77' lang='lat' dir='ltr'>imperatoris</span> <span class='ocrx_word' id='word_1_162' title='bbox 1498 2338 1630 2377; x_wconf 78' lang='lat' dir='ltr'>ma-</span> 
     </span>
     <span class='ocr_line' id='line_1_27' title="bbox 265 2401 1623 2480; baseline 0.001 -19"><span class='ocrx_word' id='word_1_163' title='bbox 265 2406 458 2463; x_wconf 82' lang='lat' dir='ltr'>turitas</span> <span class='ocrx_word' id='word_1_164' title='bbox 477 2448 496 2475; x_wconf 89' lang='lat'><strong>‚</strong></span> <span class='ocrx_word' id='word_1_165' title='bbox 521 2403 716 2465; x_wconf 79' lang='lat' dir='ltr'>multa.</span> <span class='ocrx_word' id='word_1_166' title='bbox 735 2401 1094 2470; x_wconf 80' lang='lat' dir='ltr'>inhibentis„</span> <span class='ocrx_word' id='word_1_167' title='bbox 1112 2402 1303 2479; x_wconf 80' lang='lat' dir='ltr'>aliqua</span> <span class='ocrx_word' id='word_1_168' title='bbox 1334 2414 1467 2459; x_wconf 87' lang='lat' dir='ltr'>cum</span> <span class='ocrx_word' id='word_1_169' title='bbox 1499 2418 1623 2480; x_wconf 81' lang='lat' dir='ltr'>gra·</span> 
     </span>
     <span class='ocr_line' id='line_1_28' title="bbox 259 2479 1625 2569; baseline -0.002 -26"><span class='ocrx_word' id='word_1_170' title='bbox 259 2486 444 2569; x_wconf 65' lang='lat' dir='ltr'>yitate</span> <span class='ocrx_word' id='word_1_171' title='bbox 465 2485 798 2565; x_wconf 52' lang='lat' dir='ltr'>‚pollicentis</span> <span class='ocrx_word' id='word_1_172' title='bbox 818 2528 834 2553; x_wconf 92' lang='lat'><strong>,</strong></span> <span class='ocrx_word' id='word_1_173' title='bbox 867 2484 1016 2543; x_wconf 88' lang='lat' dir='ltr'>inter</span> <span class='ocrx_word' id='word_1_174' title='bbox 1046 2480 1305 2543; x_wconf 85' lang='lat' dir='ltr'>severam</span> <span class='ocrx_word' id='word_1_175' title='bbox 1328 2479 1625 2561; x_wconf 55' lang='lat' dir='ltr'>praedpub</span> 
     </span>
     <span class='ocr_line' id='line_1_29' title="bbox 265 2560 1623 2637; baseline -0.003 -12"><span class='ocrx_word' id='word_1_176' title='bbox 265 2560 593 2625; x_wconf 84' lang='lat' dir='ltr'>nostrorum</span> <span class='ocrx_word' id='word_1_177' title='bbox 628 2566 906 2625; x_wconf 85' lang='lat' dir='ltr'>ultionem</span> <span class='ocrx_word' id='word_1_178' title='bbox 938 2606 972 2637; x_wconf 88' lang='lat'>‚.</span> <span class='ocrx_word' id='word_1_179' title='bbox 992 2565 1147 2622; x_wconf 88' lang='lat' dir='ltr'>mitis</span> <span class='ocrx_word' id='word_1_180' title='bbox 1180 2563 1427 2621; x_wconf 82' lang='lat' dir='ltr'>aliorum</span> <span class='ocrx_word' id='word_1_181' title='bbox 1462 2560 1623 2621; x_wconf 82' lang='lat' dir='ltr'>casti-</span> 
     </span>
     <span class='ocr_line' id='line_1_30' title="bbox 265 2640 1620 2728; baseline -0.005 -21"><span class='ocrx_word' id='word_1_182' title='bbox 265 2648 465 2728; x_wconf 73' lang='lat' dir='ltr'>gatio,</span> <span class='ocrx_word' id='word_1_183' title='bbox 490 2645 656 2705; x_wconf 86' lang='lat' dir='ltr'>brevi</span> <span class='ocrx_word' id='word_1_184' title='bbox 681 2644 848 2725; x_wconf 89' lang='lat' dir='ltr'>sopiit</span> <span class='ocrx_word' id='word_1_185' title='bbox 867 2666 930 2704; x_wconf 88' lang='lat' dir='ltr'>ac</span> <span class='ocrx_word' id='word_1_186' title='bbox 955 2642 1189 2703; x_wconf 87' lang='lat' dir='ltr'>sustulit.</span> <span class='ocrx_word' id='word_1_187' title='bbox 1213 2640 1358 2721; x_wconf 88' lang='lat' dir='ltr'>Quo</span> <span class='ocrx_word' id='word_1_188' title='bbox 1383 2643 1620 2722; x_wconf 86' lang='lat' dir='ltr'>quidem</span> 
     </span>
     <span class='ocr_line' id='line_1_31' title="bbox 263 2720 1619 2810; baseline -0.003 -21"><span class='ocrx_word' id='word_1_189' title='bbox 263 2743 532 2810; x_wconf 67' lang='lat' dir='ltr'>tempore</span> <span class='ocrx_word' id='word_1_190' title='bbox 566 2771 605 2801; x_wconf 44' lang='lat'>,4</span> <span class='ocrx_word' id='word_1_191' title='bbox 626 2742 690 2787; x_wconf 88' lang='lat' dir='ltr'>ut</span> <span class='ocrx_word' id='word_1_192' title='bbox 735 2726 1010 2810; x_wconf 80' lang='lat' dir='ltr'>pleraque</span> <span class='ocrx_word' id='word_1_193' title='bbox 1054 2724 1265 2806; x_wconf 61' lang='lat' dir='ltr'>ignave</span> <span class='ocrx_word' id='word_1_194' title='bbox 1310 2720 1619 2805; x_wconf 45' lang='lat' dir='ltr'>German&amp;</span> 
     </span>
    </p>
   </div>
  </div>
 </body>
</html>
