2067 3667
520 669 531 746 1
632 677 1074 796 LIBER
1137 673 1776 765 TERTIUS.

916 958 977 1028 C
1008 959 1072 1028 A
1105 959 1156 1030 P
1187 957 1352 1029 UT
1449 959 1503 1028 1.

602 1121 995 1174 BELLUM
1066 1118 1810 1175 JUGURTHJNUM.

531 1242 783 1352 HAEc
820 1288 889 1346 ad
930 1265 1258 1348 Ori-entem.
1301 1285 1415 1346 Sed
1447 1307 1568 1347 non
1599 1285 1672 1346 ad
1702 1285 1887 1347 Meri-

526 1369 757 1428 dianam
786 1370 1009 1448 planam
1049 1369 1251 1426 eadem
1287 1369 1468 1448 quies,
1505 1367 1656 1446 Quis
1689 1367 1886 1446 spera-

524 1465 619 1508 ret
668 1447 796 1530 post
844 1417 1250 1528 Carthaginem
1298 1447 1530 1528 aliquod
1577 1451 1633 1506 in
1683 1447 1886 1507 Africa

526 1529 750 1589 bellum
798 1528 819 1588 ?
864 1528 1046 1608 Atqui
1091 1548 1209 1586 non
1258 1528 1464 1586 leviter
1503 1526 1559 1587 se
1607 1527 1886 1588 Numidia

530 1610 819 1670 concussit
847 1631 865 1683 3
899 1611 961 1670 &
992 1609 1098 1668 fuit
1130 1610 1187 1666 in
1212 1605 1279 1668 Ju
1323 1607 1484 1667 urtha
1509 1651 1528 1680 ,
1559 1607 1718 1688 quod
1749 1607 1881 1689 post

533 1689 884 1750 Annibalem
926 1691 1240 1749 timeretur.
1284 1627 1531 1770 Quippe
1578 1709 1676 1748 rex
1720 1688 1881 1748 calli-

532 1771 797 1848 dissimus
843 1770 1124 1850 populum
1163 1765 1488 1829 Romanum
1519 1813 1539 1844 ,
1579 1771 1744 1828 armis
1786 1773 1878 1828 in-

526 1850 759 1929 clytum
784 1850 847 1909 &
875 1847 1150 1908 invifium
1169 1895 1188 1924 ,
1212 1851 1420 1930 opibus
1447 1848 1726 1932 aggreffus
1757 1847 1877 1924 est3

532 1932 599 1991 &
638 1930 781 1988 citra
820 1927 979 2010 spem
1014 1931 1274 1990 omnium
1309 1929 1538 1989 fortuna
1569 1931 1775 2001 cessit,
1813 1948 1880 1991 ut

530 2030 633 2069 rex
670 2008 869 2090 fraude
950 2013 1226 2089 raecipuus
1261 2055 1280 2082 ‚
1319 2009 1516 2071 fraude
1559 2027 1879 2092 caperetur.

532 2089 647 2150 Hic
670 2135 689 2163 ‚
719 2111 832 2150 avo
936 2085 1158 2152 asinum
1180 2135 1201 2165 ‚
1231 2091 1298 2150 ὅτ.
1319 2088 1566 2172 Micipsa
1587 2107 1747 2170 patre
1771 2111 1880 2170 per

532 2171 645 2230 ado
691 2173 909 2231 tionem
934 2215 953 2244 ,
984 2191 1161 2252 quum
1192 2167 1513 2230 interficere
1541 2169 1742 2231 fratres
1771 2169 1880 2231 sta-

530 2193 716 2310 tuisslet
734 2296 757 2322 ,
790 2255 1026 2333 agitatus
1055 2255 1217 2333 regni
1247 2250 1590 2333 cupiditate,
1615 2271 1722 2310 nec
1745 2251 1879 2312 illos

530 2335 711 2412 magis
727 2376 743 2399 ,
778 2333 948 2412 quam
970 2328 1224 2392 senatum
1243 2332 1636 2414 populumque
1656 2331 1882 2390 Roma-

531 2432 672 2470 num
698 2455 715 2483 ,
742 2431 988 2490 quorum
1026 2415 1084 2470 in
1109 2410 1228 2471 fide
1249 2415 1314 2472 ὃ(
1351 2413 1613 2472 clientela
1640 2431 1882 2492 regnum

526 2508 654 2550 erat
692 2535 711 2562 ,
750 2507 1037 2550 metueret
1075 2514 1094 2566 3
1135 2495 1384 2572 primum
1425 2492 1602 2554 scelus
1648 2494 1881 2553 mandat

532 2570 749 2629 insidiis
794 2590 814 2642 3
858 2569 1184 2654 potitusque
1243 2572 1579 2654 Hiempsalis
1629 2575 1815 2652 capite
1861 2619 1878 2644 ,

528 2672 711 2731 quum
744 2649 797 2710 se
835 2654 893 2710 in
930 2653 1326 2713 Adherbalem
1361 2651 1729 2716 convertisset
1754 2698 1774 2725 ,
1813 2653 1883 2713 is·-

524 2751 646 2819 que
668 2731 915 2792 Romam
949 2732 1314 2817 profugisset,
1343 2733 1500 2796 milla
1524 2755 1626 2816 per
1655 2734 1880 2814 legatos

516 2853 519 2858 -
1629 2816 1881 2896 pecunia
