2067 3667
490 259 582 330 62
730 259 807 328 L.
859 257 1221 330 ANNAEJ
1269 259 1582 328 FLOR!

485 375 739 440 hostium
768 380 1116 459 imperator,
1145 378 1252 438 nisi
1277 376 1600 457 p'roteRum
1619 368 1859 459 patrenf

486 477 856 541 praetextatus
889 459 1207 518 admodum
1241 459 1389 518 filius
1416 459 1486 518 ab
1512 457 1630 540 ipsa
1653 477 1852 521 morte

486 539 769 620 tapuisset.
807 539 920 600 Hic
960 557 1079 600 erat
1111 537 1306 622 Scipio
1330 585 1349 614 ‚
1381 541 1482 620 qui
1509 542 1570 598 in
1606 542 1850 602 exitium

486 619 704 680 Africae
738 619 977 691 crescit5
1008 641 1229 680 nomen
1262 641 1334 680 ex
1374 620 1540 680 malis
1575 619 1706 699 ejus
1743 621 1854 681 ha·-

485 699 723 762 biturus.
764 700 981 761 Ticino
1024 699 1240 761 Trebia
1283 699 1551 762 succedit.
1595 701 1709 762 Hic
1759 701 1853 762 se-

484 782 671 842 cunda
705 781 847 841 belli
868 781 1068 841 Punici
1133 782 1350 843 rocella
1375 781 1648 855 desaevit,
1681 781 1852 842 Sem·-

483 863 697 944 pronio
746 861 995 923 consule.
1102 883 1214 923 unc
1259 863 1610 924 callidissimi
1653 862 1850 924 hostes

484 941 757 1025 frigidum
804 945 871 1005 ὅτ.
916 943 1172 1006 nivalem
1217 943 1366 1004 naffi
1417 945 1576 1004 diem
1600 989 1618 1014 ‚
1747 963 1848 1005 um

484 1021 547 1084 se
578 1025 805 1106 ignibus
830 1027 985 1106 prihs
1005 1069 1028 1096 ,
1067 1027 1324 1108 oleoque
1358 1023 1628 1088 foviffent
1713 1026 1850 1086 hor·-

484 1106 655 1166 ribile
702 1105 907 1188 dian)
941 1107 1206 1170 homines
1253 1128 1286 1166 a
1329 1107 1572 1166 meridie
1612 1107 1677 1166 &
1725 1104 1847 1168 sole

484 1189 785 1247 venientes
846 1186 1043 1248 nostrii
1114 1209 1222 1248 nos
1277 1186 1498 1266 hyeme
1566 1189 1848 1249 vicerunt.

381 1325 390 1330 .
486 1265 901 1328 Thrasimenus
944 1267 1097 1329 lacus
1139 1270 1375 1328 tertium
1410 1267 1631 1338 fulmen
1663 1266 1850 1328 Anni-

484 1348 627 1408 balis
648 1393 667 1420 ,
711 1351 1068 1428 imperatore
1115 1349 1422 1409 Flaminio.
1481 1347 1568 1408 Ibi
1613 1367 1850 1432 quoque

487 1448 582 1488 ars
614 1449 771 1489 nova
806 1428 1029 1489 Punicae
1063 1427 1278 1490 fraudis
1319 1452 1334 1490 ε
1375 1431 1516 1512 quip
1561 1451 1592 1490 e
1631 1430 1852 1491 nebal&

485 1509 639 1569 lacfis
654 1555 673 1584 ,
738 1507 1144 1592 alustribusque
1164 1510 1428 1592 virgultis
1449 1451 1625 1570 tegus
1645 1531 1852 1592 eque-S,

484 1607 645 1673 terga
688 1532 875 1652 Hibitb
922 1593 1295 1673 pugnantium
1335 1593 1560 1652 invasit.
1607 1591 1735 1652 Nec
1773 1592 1850 1653 de

486 1671 597 1732 diis
631 1671 921 1754 poffumus
956 1675 1120 1754 queri
1154 1696 1172 1733 .·
1207 1675 1600 1733 imminentem
1629 1673 1854 1754 quippe

486 1756 793 1814 temerario
848 1754 979 1814 duci
1024 1754 1268 1812 cladem·
1294 1753 1672 1833 praedixerant
1713 1755 1852 1815 insi-

486 1832 681 1892 dentia
722 1837 895 1915 signis
938 1836 1238 1904 examina,
1269 1836 1336 1895 δε
1369 1835 1574 1916 aquilae
1613 1835 1850 1914 prodire

482 1913 747 1973 nolentes
778 1959 797 1988 ‚
840 1915 907 1974 &
952 1912 1304 1974 commissam
1350 1918 1533 1975 aciem
1577 1913 1848 1996 sequut'us

484 1995 687 2074 ingens
718 2011 887 2055 terrae
921 2010 1190 2073 tremori:
1215 1996 1324 2054 nisi
1355 1996 1518 2056 illum
1545 1997 1850 2058 horrorem

486 2073 593 2134 soli
634 2121 651 2145 ,
689 2077 947 2158 equitum
996 2079 1378 2158 virorumque
1427 2075 1701 2138 discursus
1721 2119 1740 2149 ‚
1783 2079 1849 2138 δε

486 2174 645 2216 mota
692 2158 1097 2218 vehementius
1133 2180 1290 2218 arma
1331 2157 1604 2219 fecerunt.
1647 2156 1847 2236 Quan-

486 2256 611 2296 tum
652 2283 671 2310 ‚
714 2240 770 2298 id
816 2237 899 2299 est
924 2283 941 2313 ‚
985 2259 1134 2319 pene
1175 2241 1443 2299 ultimum
1487 2239 1696 2299 vulnus
1741 2241 1848 2298 im·

483 2321 627 2398 perii
665 2318 923 2391 Cannae,
961 2320 1224 2402 ignobilis
1247 2322 1477 2401 Apuliae
1513 2322 1674 2380 vicus
1699 2339 1716 2378 :
1745 2318 1846 2380 sed

482 2400 875 2480 magnitudine
916 2401 1094 2460 cladis
1143 2404 1378 2460 emersit
1423 2425 1443 2474 ;
1487 2402 1550 2462 &
1601 2401 1846 2482 quadra·-

482 2481 641 2560 ginta
678 2481 927 2540 millium·
964 2481 1122 2540 caede
1160 2498 1318 2562 parta
1347 2483 1637 2540 nobilitas·
1661 2480 1752 2540 Ibi
1782 2485 1846 2544 in

484 2560 725 2640 eigitium·
768 2560 1013 2620 infelicis
1064 2561 1346 2621 exercitiis
1380 2607 1398 2631 ,
1445 2563 1558 2622 dux
1588 2604 1608 2634 ‚
1645 2580 1800 2622 terra
1819 2605 1844 2636 ‚

421 2675 429 2682 ·
482 2641 737 2712 coelum,
773 2641 899 2718 dies
920 2687 940 2713 ‚
974 2657 1100 2702 tota
1138 2643 1388 2724 deniqne
1419 2646 1624 2703 retum
1645 2661 1845 2703 natura

483 2720 791 2788 consensit.
826 2722 1129 2807 Siquidem
1165 2746 1291 2804 non
1327 2728 1640 2789 contentus-
1669 2725 1846 2800 simu}
