2067 3667
497 280 626 354 118
731 283 802 352 C.
859 285 1125 350 VELL.
1175 251 1621 352 Parme(

483 399 718 462 bern-imi
768 398 913 460 fides
951 443 971 473 ‚
1018 419 1162 459 mox
1208 399 1305 458 diu
1353 397 1484 460 cum
1528 399 1833 462 clementia

484 481 722 544 laetatus
765 479 860 540 sua
903 477 1094 540 Caesar
1116 524 1137 555 ,
1176 478 1829 560 servavit-incolumem.
1876 524 1886 534 -

485 560 624 622 Non
715 578 1040 622 raetereatur
1084 561 1272 622 Asinii
1306 560 1579 621 Pollionis
1624 559 1832 623 fabium

481 643 550 702 ἃ.
583 584 796 702 diepam
828 641 1205 702 memorabile
1235 663 1250 702 z
1282 661 1529 723 namque
1560 661 1739 723 quum
1771 641 1828 704 se

525 719 614 782 ost
661 721 1065 782 Brundisinam
1115 725 1318 802 pacem
1368 720 1725 783 continuiffet
1768 724 1829 784 in

513 801 647 862 talia
671 848 690 873 ‚
732 821 921 883 neque
962 819 1061 861 aut
1104 800 1331 864 vidisset
1366 823 1639 884 umquam
1678 824 1741 864 re
1782 806 1829 850 ‘-

479 903 612 943 nam
635 926 654 955 ‚
689 897 786 942 aut
817 880 946 963 post
979 901 1317 944 enervatum
1340 903 1538 944 amore
1564 881 1687 943 e’us
1772 905 1830 944 n·

479 964 624 1024 tonii
649 965 898 1022 animum
921 963 1176 1044 partibus
1196 961 1317 1042 ejus
1336 961 1391 1024 se
1412 905 1789 1024 immislcuiss'et
1802 1005 1826 1041 ,

479 1061 718 1126 rogante
745 1042 970 1106 Caesare
989 1089 1008 1118 ‚
1032 1063 1098 1105 ut
1128 1042 1317 1107 seeum
1346 1045 1420 1105 ad
1446 1043 1661 1105 benum
1694 1065 1828 1127 pro·

479 1122 826 1185 ficisceretur
867 1123 1169 1186 Affiacum
1214 1148 1229 1187 ε
1265 1129 1405 1186 Mea
1432 1169 1457 1197 ,
1495 1127 1717 1206 inquit,
1766 1129 1825 1188 iri

477 1207 786 1266 Antonium
819 1203 1031 1284 majona
1069 1208 1253 1267 metita
1270 1206 1403 1285 sient
1419 1249 1441 1276 ,
1478 1205 1637 1265 illius
1662 1209 1719 1267 in
1744 1227 1825 1266 me

478 1287 736 1362 beneficia
783 1289 996 1346 notiora
1033 1307 1054 1346 .·
1098 1289 1280 1365 itaque
1320 1283 1613 1364 difirimini
1655 1289 1821 1369 vestro

475 1387 560 1425 me
578 1364 894 1442 subtraham
915 1410 931 1434 ,
969 1365 1024 1424 6·
1060 1387 1143 1426 ero
1173 1367 1359 1446 prada
1391 1367 1625 1428 villaris.

556 1443 1049 1506 LXXXXVII.
1089 1444 1359 1505 Proximo
1410 1445 1620 1506 deinde
1670 1465 1822 1510 anno

473 1523 802 1606 persecutus
829 1526 1084 1608 reginam
1104 1523 1541 1607 Antoniumque
1566 1523 1825 1590 Alexan-

471 1605 656 1665 driam
691 1648 712 1677 ‚
749 1604 1010 1678 ultimam
1046 1606 1213 1667 bellis
1251 1607 1512 1668 civilibus
1551 1607 1825 1690 imposuit

473 1705 727 1748 manum.
755 1687 1047 1748 Antonius
1074 1685 1134 1748 se
1166 1685 1286 1828 ipse
1308 1709 1429 1749 non
1462 1685 1709 1772 segniter
1736 1691 1822 1748 in·

470 1770 702 1828 teremit
732 1811 753 1841 ,
798 1767 947 1828 adeo
987 1784 1053 1827 ut
1088 1786 1267 1828 muta
1316 1767 1547 1830 desidiae
1586 1770 1822 1830 crimina

469 1863 659 1908 morte
691 1847 1018 1907 redimeret.
1051 1847 1136 1908 At
1167 1846 1519 1930 Cleopatra,
1550 1847 1819 1910 frustratis

473 1925 802 1987 custodibus
822 1972 846 1999 ,
866 1928 1020 1988 illata
1038 1925 1230 2008 aspide
1250 1971 1271 2000 ,
1288 1928 1481 1988 morsu
1506 1928 1636 1989 sane
1663 1927 1820 2008 ejus,

423 2031 428 2036 ·
470 2027 675 2086 expers
705 2007 997 2069 muliebris
1029 2007 1218 2069 metfis
1252 2006 1286 2067 s
1314 2010 1507 2069 iritum
1546 2009 1817 2072 reddidit.

467 2085 708 2170 Fuitque
755 2089 820 2150 &
858 2087 1088 2150 fortuna
1126 2089 1193 2150 &
1240 2110 1271 2150 c
1296 2090 1545 2152 ementia
1581 2088 1818 2154 Caesaris

469 2168 748 2251 dignum,
792 2170 954 2252 quod
992 2190 1172 2230 nemo
1213 2189 1288 2230 ex
1322 2171 1390 2230 iis
1422 2216 1446 2243 ,
1528 2173 1584 2232 ui
1616 2189 1818 2232 contra

470 2269 607 2310 eum
655 2271 809 2310 arma
853 2251 1099 2312 tulerant
1123 2293 1149 2322 ‚
1188 2250 1261 2312 ab
1308 2271 1383 2312 eo
1430 2249 1489 2332 ju
1532 2271 1647 2310 uve
1690 2248 1813 2327 ejus

467 2331 866 2410 interemptus·
888 2330 969 2392 D.
991 2331 1233 2392 Brutum
1252 2330 1497 2390 Antonii
1522 2328 1812 2390 interemit

465 2409 769 2470 crudelitas
803 2432 820 2470 ε
872 2409 1004 2470 Sex·
1054 2409 1393 2488 Pompeium
1414 2451 1434 2479 ‚
1480 2408 1553 2470 ab
1599 2409 1813 2470 eodem

467 2488 681 2549 vietum
703 2529 723 2562 ,
755 2489 910 2548 idem
947 2487 1237 2550 Antonius
1256 2531 1277 2560 ,
1312 2507 1490 2570 quum
1523 2488 1813 2572 dignitatis

509 2589 699 2650 uoque
741 2567 1037 2628 servandae
1077 2565 1313 2628 dediss‘et
1352 2566 1545 2630 ¹fidem
1576 2613 1596 2643 ,
1634 2573 1810 2631 etiam

463 2589 661 2730 ppiritu
698 2650 988 2730 privavitz
1021 2647 1228 2710 Brutus
1264 2651 1329 2711 &
1364 2646 1599 2712 Cassius
1636 2652 1765 2711 ante
1786 2695 1806 2725 ,

465 2727 639 2811 quam
664 2728 951 2794 viEiotum
973 2731 1369 2814 experirentur
1386 2733 1635 2796 animum
1652 2776 1674 2809 ,
1700 2751 1803 2794 vo-
