<?xml version="1.0" encoding="UTF-8"?>
<!DOCTYPE html PUBLIC "-//W3C//DTD XHTML 1.0 Transitional//EN"
    "http://www.w3.org/TR/xhtml1/DTD/xhtml1-transitional.dtd">
<html xmlns="http://www.w3.org/1999/xhtml" xml:lang="en" lang="en">
 <head>
  <title>
</title>
<meta http-equiv="Content-Type" content="text/html;charset=utf-8" />
  <meta name='ocr-system' content='tesseract 3.04.00' />
  <meta name='ocr-capabilities' content='ocr_page ocr_carea ocr_par ocr_line ocrx_word'/>
</head>
<body>
  <div class='ocr_page' id='page_1' title='image "./caiivelleiipate00lallgoog_0134.png"; bbox 0 0 2067 3667; ppageno 0'>
   <div class='ocr_carea' id='block_1_1' title="bbox 487 283 1609 360">
    <p class='ocr_par' dir='ltr' id='par_1_1' title="bbox 487 283 1609 360">
     <span class='ocr_line' id='line_1_1' title="bbox 487 283 1609 360; baseline -0.001 -1"><span class='ocrx_word' id='word_1_1' title='bbox 487 307 646 360; x_wconf 83' lang='lat'>-112</span> <span class='ocrx_word' id='word_1_2' title='bbox 758 285 827 356; x_wconf 89' lang='lat' dir='ltr'><strong>C.</strong></span> <span class='ocrx_word' id='word_1_3' title='bbox 883 287 1149 356; x_wconf 67' lang='lat' dir='ltr'><em>VELL.</em></span> <span class='ocrx_word' id='word_1_4' title='bbox 1200 283 1609 358; x_wconf 68' lang='lat' dir='ltr'><em>PATERC.</em></span> 
     </span>
    </p>
   </div>
   <div class='ocr_carea' id='block_1_2' title="bbox 489 404 1858 2822">
    <p class='ocr_par' dir='ltr' id='par_1_2' title="bbox 489 404 1858 2822">
     <span class='ocr_line' id='line_1_2' title="bbox 505 404 1858 477; baseline 0.002 -11"><span class='ocrx_word' id='word_1_5' title='bbox 505 405 753 466; x_wconf 84' lang='lat' dir='ltr'><strong>dicendo</strong></span> <span class='ocrx_word' id='word_1_6' title='bbox 779 446 798 477; x_wconf 88' lang='lat'><strong>‚</strong></span> <span class='ocrx_word' id='word_1_7' title='bbox 831 422 1018 466; x_wconf 84' lang='lat' dir='ltr'><strong>totam</strong></span> <span class='ocrx_word' id='word_1_8' title='bbox 1053 404 1350 468; x_wconf 57' lang='lat' dir='ltr'><strong>vidioriam</strong></span> <span class='ocrx_word' id='word_1_9' title='bbox 1383 423 1445 467; x_wconf 87' lang='lat' dir='ltr'><strong>ut</strong></span> <span class='ocrx_word' id='word_1_10' title='bbox 1478 405 1635 468; x_wconf 84' lang='lat' dir='ltr'><strong>suam</strong></span> <span class='ocrx_word' id='word_1_11' title='bbox 1669 405 1858 468; x_wconf 55' lang='lat' dir='ltr'><strong>interl*</strong></span> 
     </span>
     <span class='ocr_line' id='line_1_3' title="bbox 503 485 1857 567; baseline 0.002 -22"><span class='ocrx_word' id='word_1_12' title='bbox 503 502 822 566; x_wconf 82' lang='lat' dir='ltr'><strong>pretaretur</strong></span> <span class='ocrx_word' id='word_1_13' title='bbox 851 509 870 560; x_wconf 89' lang='lat'>;</span> <span class='ocrx_word' id='word_1_14' title='bbox 905 485 1267 567; x_wconf 83' lang='lat' dir='ltr'><strong>audebatque</strong></span> <span class='ocrx_word' id='word_1_15' title='bbox 1300 487 1635 548; x_wconf 79' lang='lat' dir='ltr'><strong>denuntiare</strong></span> <span class='ocrx_word' id='word_1_16' title='bbox 1667 486 1857 550; x_wconf 83' lang='lat' dir='ltr'>Caesa-</span> 
     </span>
     <span class='ocr_line' id='line_1_4' title="bbox 502 564 1855 650; baseline 0 -22"><span class='ocrx_word' id='word_1_17' title='bbox 502 564 608 628; x_wconf 83' lang='lat' dir='ltr'><strong>sari</strong></span> <span class='ocrx_word' id='word_1_18' title='bbox 628 611 648 640; x_wconf 92' lang='lat'><strong>,</strong></span> <span class='ocrx_word' id='word_1_19' title='bbox 686 567 993 627; x_wconf 85' lang='lat' dir='ltr'>excederet</span> <span class='ocrx_word' id='word_1_20' title='bbox 1031 565 1241 628; x_wconf 63' lang='lat' dir='ltr'><strong>Sicilia.</strong></span> <span class='ocrx_word' id='word_1_21' title='bbox 1274 567 1415 629; x_wconf 89' lang='lat' dir='ltr'><strong>Non</strong></span> <span class='ocrx_word' id='word_1_22' title='bbox 1459 568 1530 628; x_wconf 80' lang='lat' dir='ltr'><strong>ab</strong></span> <span class='ocrx_word' id='word_1_23' title='bbox 1565 567 1855 650; x_wconf 82' lang='lat' dir='ltr'><strong>Scipioni-</strong></span> 
     </span>
     <span class='ocr_line' id='line_1_5' title="bbox 502 645 1853 728; baseline 0.003 -22"><span class='ocrx_word' id='word_1_24' title='bbox 502 645 612 706; x_wconf 80' lang='lat' dir='ltr'><strong>bus</strong></span> <span class='ocrx_word' id='word_1_25' title='bbox 633 689 652 720; x_wconf 92' lang='lat'><strong>,</strong></span> <span class='ocrx_word' id='word_1_26' title='bbox 689 645 920 728; x_wconf 80' lang='lat' dir='ltr'><strong>aliisque</strong></span> <span class='ocrx_word' id='word_1_27' title='bbox 963 647 1255 708; x_wconf 81' lang='lat' dir='ltr'><strong>veteribus</strong></span> <span class='ocrx_word' id='word_1_28' title='bbox 1296 647 1697 710; x_wconf 81' lang='lat' dir='ltr'><strong>Romanorum</strong></span> <span class='ocrx_word' id='word_1_29' title='bbox 1738 649 1853 710; x_wconf 90' lang='lat' dir='ltr'><strong>du-</strong></span> 
     </span>
     <span class='ocr_line' id='line_1_6' title="bbox 501 726 1853 812; baseline 0.001 -25"><span class='ocrx_word' id='word_1_30' title='bbox 501 747 638 787; x_wconf 84' lang='lat' dir='ltr'><strong>cum</strong></span> <span class='ocrx_word' id='word_1_31' title='bbox 657 726 970 808; x_wconf 86' lang='lat' dir='ltr'><strong>quidquam</strong></span> <span class='ocrx_word' id='word_1_32' title='bbox 985 727 1183 788; x_wconf 84' lang='lat' dir='ltr'><strong>ausum</strong></span> <span class='ocrx_word' id='word_1_33' title='bbox 1199 744 1597 812; x_wconf 79' lang='lat' dir='ltr'><strong>patratumque</strong></span> <span class='ocrx_word' id='word_1_34' title='bbox 1616 729 1853 806; x_wconf 74' lang='lat' dir='ltr'><strong>fortiu‘s,</strong></span> 
     </span>
     <span class='ocr_line' id='line_1_7' title="bbox 504 804 1851 892; baseline 0.001 -24"><span class='ocrx_word' id='word_1_35' title='bbox 504 806 676 888; x_wconf 67' lang='lat' dir='ltr'><strong>quium</strong></span> <span class='ocrx_word' id='word_1_36' title='bbox 701 823 839 867; x_wconf 84' lang='lat' dir='ltr'><strong>tunc</strong></span> <span class='ocrx_word' id='word_1_37' title='bbox 865 829 900 867; x_wconf 83' lang='lat' dir='ltr'>a</span> <span class='ocrx_word' id='word_1_38' title='bbox 927 804 1172 868; x_wconf 55' lang='lat' dir='ltr'><strong>Caesare.</strong></span> <span class='ocrx_word' id='word_1_39' title='bbox 1209 806 1451 891; x_wconf 83' lang='lat' dir='ltr'><strong>Quippe</strong></span> <span class='ocrx_word' id='word_1_40' title='bbox 1481 831 1658 892; x_wconf 85' lang='lat' dir='ltr'><strong>quum</strong></span> <span class='ocrx_word' id='word_1_41' title='bbox 1698 812 1851 870; x_wconf 76' lang='lat' dir='ltr'><strong>iner-</strong></span> 
     </span>
     <span class='ocr_line' id='line_1_8' title="bbox 503 885 1858 971; baseline 0.001 -23"><span class='ocrx_word' id='word_1_42' title='bbox 503 889 613 948; x_wconf 81' lang='lat' dir='ltr'><strong>mis</strong></span> <span class='ocrx_word' id='word_1_43' title='bbox 645 888 712 949; x_wconf 87' lang='lat'>&amp;</span> <span class='ocrx_word' id='word_1_44' title='bbox 743 887 1059 950; x_wconf 81' lang='lat' dir='ltr'><strong>lacernatus</strong></span> <span class='ocrx_word' id='word_1_45' title='bbox 1084 885 1223 950; x_wconf 71' lang='lat' dir='ltr'><strong>esset</strong></span> <span class='ocrx_word' id='word_1_46' title='bbox 1245 933 1263 962; x_wconf 89' lang='lat'><strong>,</strong></span> <span class='ocrx_word' id='word_1_47' title='bbox 1292 903 1500 971; x_wconf 83' lang='lat' dir='ltr'><strong>praeter</strong></span> <span class='ocrx_word' id='word_1_48' title='bbox 1521 910 1736 955; x_wconf 81' lang='lat' dir='ltr'><strong>nomen</strong></span> <span class='ocrx_word' id='word_1_49' title='bbox 1762 893 1858 951; x_wconf 86' lang='lat' dir='ltr'><strong>ni·-</strong></span> 
     </span>
     <span class='ocr_line' id='line_1_9' title="bbox 501 967 1853 1053; baseline 0.003 -25"><span class='ocrx_word' id='word_1_50' title='bbox 501 968 586 1028; x_wconf 80' lang='lat' dir='ltr'><strong>hil</strong></span> <span class='ocrx_word' id='word_1_51' title='bbox 619 967 851 1030; x_wconf 78' lang='lat' dir='ltr'><strong>trahens</strong></span> <span class='ocrx_word' id='word_1_52' title='bbox 872 1012 893 1042; x_wconf 92' lang='lat'>,</span> <span class='ocrx_word' id='word_1_53' title='bbox 927 967 1195 1052; x_wconf 79' lang='lat' dir='ltr'><strong>ingressus</strong></span> <span class='ocrx_word' id='word_1_54' title='bbox 1231 968 1410 1030; x_wconf 76' lang='lat' dir='ltr'>castra</span> <span class='ocrx_word' id='word_1_55' title='bbox 1442 969 1644 1053; x_wconf 82' lang='lat' dir='ltr'><strong>Lepidi</strong></span> <span class='ocrx_word' id='word_1_56' title='bbox 1671 1013 1690 1043; x_wconf 95' lang='lat'><strong>,</strong></span> <span class='ocrx_word' id='word_1_57' title='bbox 1731 973 1853 1032; x_wconf 77' lang='lat' dir='ltr'><strong>evi·</strong></span> 
     </span>
     <span class='ocr_line' id='line_1_10' title="bbox 503 1047 1849 1132; baseline 0.002 -22"><span class='ocrx_word' id='word_1_58' title='bbox 503 1051 636 1110; x_wconf 66' lang='lat' dir='ltr'><strong>tatis</strong></span> <span class='ocrx_word' id='word_1_59' title='bbox 671 1070 800 1131; x_wconf 79' lang='lat' dir='ltr'><strong>qnae</strong></span> <span class='ocrx_word' id='word_1_60' title='bbox 835 1047 980 1132; x_wconf 85' lang='lat' dir='ltr'><strong>juffu</strong></span> <span class='ocrx_word' id='word_1_61' title='bbox 1011 1050 1259 1114; x_wconf 82' lang='lat' dir='ltr'><strong>hominis</strong></span> <span class='ocrx_word' id='word_1_62' title='bbox 1341 1054 1619 1114; x_wconf 75' lang='lat' dir='ltr'><strong>ravissimi</strong></span> <span class='ocrx_word' id='word_1_63' title='bbox 1650 1052 1763 1112; x_wconf 83' lang='lat' dir='ltr'><strong>tela</strong></span> <span class='ocrx_word' id='word_1_64' title='bbox 1787 1053 1849 1113; x_wconf 79' lang='lat' dir='ltr'><strong>in</strong></span> 
     </span>
     <span class='ocr_line' id='line_1_11' title="bbox 503 1128 1853 1214; baseline 0.001 -23"><span class='ocrx_word' id='word_1_65' title='bbox 503 1150 640 1192; x_wconf 89' lang='lat' dir='ltr'><strong>eum</strong></span> <span class='ocrx_word' id='word_1_66' title='bbox 673 1128 818 1210; x_wconf 71' lang='lat' dir='ltr'><strong>jafla</strong></span> <span class='ocrx_word' id='word_1_67' title='bbox 851 1147 1011 1192; x_wconf 81' lang='lat' dir='ltr'><strong>erant</strong></span> <span class='ocrx_word' id='word_1_68' title='bbox 1031 1176 1055 1203; x_wconf 90' lang='lat'><strong>,</strong></span> <span class='ocrx_word' id='word_1_69' title='bbox 1093 1153 1271 1212; x_wconf 85' lang='lat' dir='ltr'><strong>quum</strong></span> <span class='ocrx_word' id='word_1_70' title='bbox 1326 1150 1526 1192; x_wconf 84' lang='lat' dir='ltr'><strong>acerna</strong></span> <span class='ocrx_word' id='word_1_71' title='bbox 1560 1131 1682 1212; x_wconf 79' lang='lat' dir='ltr'><strong>ejus</strong></span> <span class='ocrx_word' id='word_1_72' title='bbox 1716 1153 1853 1214; x_wconf 75' lang='lat' dir='ltr'><strong>per-</strong></span> 
     </span>
     <span class='ocr_line' id='line_1_12' title="bbox 501 1209 1851 1296; baseline 0.001 -24"><span class='ocrx_word' id='word_1_73' title='bbox 501 1209 684 1272; x_wconf 78' lang='lat' dir='ltr'><strong>forata</strong></span> <span class='ocrx_word' id='word_1_74' title='bbox 708 1209 844 1272; x_wconf 82' lang='lat' dir='ltr'><strong>esset</strong></span> <span class='ocrx_word' id='word_1_75' title='bbox 861 1212 1059 1272; x_wconf 58' lang='lat' dir='ltr'><strong>lancea</strong></span> <span class='ocrx_word' id='word_1_76' title='bbox 1076 1255 1097 1284; x_wconf 86' lang='lat'><strong>,</strong></span> <span class='ocrx_word' id='word_1_77' title='bbox 1120 1211 1366 1293; x_wconf 81' lang='lat' dir='ltr'><strong>aquilam</strong></span> <span class='ocrx_word' id='word_1_78' title='bbox 1388 1212 1439 1272; x_wconf 91' lang='lat' dir='ltr'><strong>le</strong></span> <span class='ocrx_word' id='word_1_79' title='bbox 1481 1214 1628 1274; x_wconf 83' lang='lat' dir='ltr'><strong>ionis</strong></span> <span class='ocrx_word' id='word_1_80' title='bbox 1648 1234 1851 1296; x_wconf 80' lang='lat' dir='ltr'><strong>rapere</strong></span> 
     </span>
     <span class='ocr_line' id='line_1_13' title="bbox 502 1289 1848 1374; baseline 0.001 -22"><span class='ocrx_word' id='word_1_81' title='bbox 502 1290 666 1352; x_wconf 81' lang='lat' dir='ltr'><strong>ausus</strong></span> <span class='ocrx_word' id='word_1_82' title='bbox 703 1289 802 1350; x_wconf 89' lang='lat' dir='ltr'><strong>est.</strong></span> <span class='ocrx_word' id='word_1_83' title='bbox 841 1289 1024 1372; x_wconf 85' lang='lat' dir='ltr'><strong>Scires</strong></span> <span class='ocrx_word' id='word_1_84' title='bbox 1063 1292 1201 1374; x_wconf 87' lang='lat' dir='ltr'><strong>quid</strong></span> <span class='ocrx_word' id='word_1_85' title='bbox 1238 1295 1419 1353; x_wconf 85' lang='lat' dir='ltr'><strong>intere</strong></span> <span class='ocrx_word' id='word_1_86' title='bbox 1467 1311 1524 1353; x_wconf 87' lang='lat' dir='ltr'><strong>et</strong></span> <span class='ocrx_word' id='word_1_87' title='bbox 1557 1297 1703 1354; x_wconf 85' lang='lat' dir='ltr'><strong>inter</strong></span> <span class='ocrx_word' id='word_1_88' title='bbox 1738 1295 1848 1354; x_wconf 85' lang='lat' dir='ltr'><strong>du-</strong></span> 
     </span>
     <span class='ocr_line' id='line_1_14' title="bbox 501 1369 1853 1446; baseline 0.003 -14"><span class='ocrx_word' id='word_1_89' title='bbox 501 1391 618 1432; x_wconf 87' lang='lat' dir='ltr'><strong>ces.</strong></span> <span class='ocrx_word' id='word_1_90' title='bbox 639 1369 867 1431; x_wconf 83' lang='lat' dir='ltr'><strong>Armati</strong></span> <span class='ocrx_word' id='word_1_91' title='bbox 887 1374 1173 1432; x_wconf 70' lang='lat' dir='ltr'><strong>inermem</strong></span> <span class='ocrx_word' id='word_1_92' title='bbox 1196 1371 1373 1435; x_wconf 88' lang='lat' dir='ltr'><strong>secuti</strong></span> <span class='ocrx_word' id='word_1_93' title='bbox 1401 1371 1561 1446; x_wconf 81' lang='lat' dir='ltr'>sunt3</span> <span class='ocrx_word' id='word_1_94' title='bbox 1592 1374 1853 1436; x_wconf 84' lang='lat' dir='ltr'><strong>decimo·</strong></span> 
     </span>
     <span class='ocr_line' id='line_1_15' title="bbox 544 1450 1849 1532; baseline 0.004 -21"><span class='ocrx_word' id='word_1_95' title='bbox 544 1471 616 1512; x_wconf 89' lang='lat' dir='ltr'><strong>ue</strong></span> <span class='ocrx_word' id='word_1_96' title='bbox 661 1472 810 1511; x_wconf 81' lang='lat' dir='ltr'>anno</span> <span class='ocrx_word' id='word_1_97' title='bbox 838 1496 857 1526; x_wconf 93' lang='lat'><strong>,</strong></span> <span class='ocrx_word' id='word_1_98' title='bbox 901 1450 1074 1532; x_wconf 49' lang='lat' dir='ltr'><strong>quum</strong></span> <span class='ocrx_word' id='word_1_99' title='bbox 1118 1451 1193 1512; x_wconf 83' lang='lat' dir='ltr'><strong>ad</strong></span> <span class='ocrx_word' id='word_1_100' title='bbox 1241 1453 1673 1514; x_wconf 76' lang='lat' dir='ltr'><strong>dissimillimam</strong></span> <span class='ocrx_word' id='word_1_101' title='bbox 1713 1458 1849 1516; x_wconf 74' lang='lat' dir='ltr'><strong>vitae</strong></span> 
     </span>
     <span class='ocr_line' id='line_1_16' title="bbox 563 1533 1849 1671; baseline 0.005 -79"><span class='ocrx_word' id='word_1_102' title='bbox 563 1553 612 1592; x_wconf 84' lang='lat' dir='ltr'>ae</span> <span class='ocrx_word' id='word_1_103' title='bbox 645 1533 964 1614; x_wconf 87' lang='lat' dir='ltr'><strong>potentiam</strong></span> <span class='ocrx_word' id='word_1_104' title='bbox 975 1550 1345 1671; x_wconf 47' lang='lat' dir='ltr'><strong>*pervenerat</strong></span> <span class='ocrx_word' id='word_1_105' title='bbox 1379 1533 1633 1615; x_wconf 78' lang='lat' dir='ltr'><strong>Lepidus</strong></span> <span class='ocrx_word' id='word_1_106' title='bbox 1656 1580 1677 1608; x_wconf 85' lang='lat'><strong>‚</strong></span> <span class='ocrx_word' id='word_1_107' title='bbox 1712 1537 1789 1602; x_wconf 72' lang='grc' dir='ltr'><strong>δι,</strong></span> <span class='ocrx_word' id='word_1_108' title='bbox 1811 1557 1849 1598; x_wconf 75' lang='lat' dir='ltr'>a</span> 
     </span>
     <span class='ocr_line' id='line_1_17' title="bbox 500 1612 941 1675; baseline 0.002 -3"><span class='ocrx_word' id='word_1_109' title='bbox 500 1612 772 1674; x_wconf 84' lang='lat' dir='ltr'><strong>militibus</strong></span> <span class='ocrx_word' id='word_1_110' title='bbox 807 1612 873 1675; x_wconf 85' lang='lat'>&amp;</span> <span class='ocrx_word' id='word_1_111' title='bbox 906 1635 941 1673; x_wconf 86' lang='lat' dir='ltr'>a</span> 
     </span>
     <span class='ocr_line' id='line_1_18' title="bbox 499 1693 1850 1769; baseline 0.001 -15"><span class='ocrx_word' id='word_1_112' title='bbox 499 1694 723 1754; x_wconf 79' lang='lat' dir='ltr'><strong>velatus</strong></span> <span class='ocrx_word' id='word_1_113' title='bbox 754 1693 1001 1755; x_wconf 86' lang='lat' dir='ltr'><strong>amiculo</strong></span> <span class='ocrx_word' id='word_1_114' title='bbox 1021 1738 1041 1769; x_wconf 92' lang='lat'>‚</span> <span class='ocrx_word' id='word_1_115' title='bbox 1068 1695 1219 1756; x_wconf 82' lang='lat' dir='ltr'><strong>inter</strong></span> <span class='ocrx_word' id='word_1_116' title='bbox 1256 1695 1516 1756; x_wconf 82' lang='lat' dir='ltr'><strong>ultimam</strong></span> <span class='ocrx_word' id='word_1_117' title='bbox 1549 1697 1850 1758; x_wconf 81' lang='lat' dir='ltr'><strong>confluen-</strong></span> 
     </span>
     <span class='ocr_line' id='line_1_19' title="bbox 497 1772 1842 1858; baseline 0.002 -25"><span class='ocrx_word' id='word_1_118' title='bbox 497 1775 646 1834; x_wconf 81' lang='lat' dir='ltr'><strong>tium</strong></span> <span class='ocrx_word' id='word_1_119' title='bbox 677 1774 750 1834; x_wconf 88' lang='lat' dir='ltr'><strong>ad</strong></span> <span class='ocrx_word' id='word_1_120' title='bbox 785 1772 1071 1835; x_wconf 79' lang='lat' dir='ltr'><strong>Caesarem</strong></span> <span class='ocrx_word' id='word_1_121' title='bbox 1094 1777 1321 1836; x_wconf 80' lang='lat' dir='ltr'><strong>turbam</strong></span> <span class='ocrx_word' id='word_1_122' title='bbox 1352 1777 1531 1837; x_wconf 86' lang='lat' dir='ltr'><strong>latens</strong></span> <span class='ocrx_word' id='word_1_123' title='bbox 1550 1821 1570 1850; x_wconf 93' lang='lat'>,</span> <span class='ocrx_word' id='word_1_124' title='bbox 1606 1777 1842 1858; x_wconf 80' lang='lat' dir='ltr'><strong>genibus</strong></span> 
     </span>
     <span class='ocr_line' id='line_1_20' title="bbox 499 1852 1847 1931; baseline 0.004 -19"><span class='ocrx_word' id='word_1_125' title='bbox 499 1852 621 1931; x_wconf 82' lang='lat' dir='ltr'><strong>ejus</strong></span> <span class='ocrx_word' id='word_1_126' title='bbox 651 1853 966 1913; x_wconf 73' lang='lat' dir='ltr'><strong>advolutus</strong></span> <span class='ocrx_word' id='word_1_127' title='bbox 982 1852 1083 1914; x_wconf 87' lang='lat' dir='ltr'><strong>est.</strong></span> <span class='ocrx_word' id='word_1_128' title='bbox 1112 1853 1250 1914; x_wconf 80' lang='lat' dir='ltr'><strong>Vita</strong></span> <span class='ocrx_word' id='word_1_129' title='bbox 1279 1875 1471 1916; x_wconf 88' lang='lat' dir='ltr'><strong>rerum</strong></span> <span class='ocrx_word' id='word_1_130' title='bbox 1551 1875 1584 1916; x_wconf 90' lang='lat' dir='ltr'><strong>e</strong></span> <span class='ocrx_word' id='word_1_131' title='bbox 1618 1855 1847 1916; x_wconf 83' lang='lat' dir='ltr'><strong>suarum</strong></span> 
     </span>
     <span class='ocr_line' id='line_1_21' title="bbox 495 1931 1845 2018; baseline 0.004 -26"><span class='ocrx_word' id='word_1_132' title='bbox 495 1933 816 1994; x_wconf 86' lang='lat' dir='ltr'><strong>dominium</strong></span> <span class='ocrx_word' id='word_1_133' title='bbox 839 1931 1101 1994; x_wconf 75' lang='lat' dir='ltr'><strong>concessa</strong></span> <span class='ocrx_word' id='word_1_134' title='bbox 1116 1935 1169 1994; x_wconf 88' lang='lat' dir='ltr'><strong>ei</strong></span> <span class='ocrx_word' id='word_1_135' title='bbox 1191 1933 1315 1994; x_wconf 88' lang='lat' dir='ltr'><strong>sunt</strong></span> <span class='ocrx_word' id='word_1_136' title='bbox 1336 1955 1355 2008; x_wconf 80' lang='lat'>3</span> <span class='ocrx_word' id='word_1_137' title='bbox 1380 1933 1481 2016; x_wconf 88' lang='lat' dir='ltr'><strong>spo</strong></span> <span class='ocrx_word' id='word_1_138' title='bbox 1507 1938 1645 2012; x_wconf 61' lang='grc' dir='ltr'><strong>ἐτι,</strong></span> <span class='ocrx_word' id='word_1_139' title='bbox 1670 1957 1845 2018; x_wconf 83' lang='lat' dir='ltr'><strong>quam</strong></span> 
     </span>
     <span class='ocr_line' id='line_1_22' title="bbox 491 2014 1743 2096; baseline -0.002 -22"><span class='ocrx_word' id='word_1_140' title='bbox 491 2016 645 2074; x_wconf 83' lang='lat' dir='ltr'><strong>tueri</strong></span> <span class='ocrx_word' id='word_1_141' title='bbox 679 2035 798 2073; x_wconf 86' lang='lat' dir='ltr'><strong>non</strong></span> <span class='ocrx_word' id='word_1_142' title='bbox 874 2030 1061 2074; x_wconf 79' lang='lat' dir='ltr'><strong>oterat</strong></span> <span class='ocrx_word' id='word_1_143' title='bbox 1086 2059 1109 2087; x_wconf 84' lang='lat'><strong><em>‚</em></strong></span> <span class='ocrx_word' id='word_1_144' title='bbox 1142 2014 1399 2096; x_wconf 78' lang='lat' dir='ltr'><strong>dignitas.</strong></span> <span class='ocrx_word' id='word_1_145' title='bbox 1737 2065 1743 2072; x_wconf 92' lang='lat'>.</span> 
     </span>
     <span class='ocr_line' id='line_1_23' title="bbox 577 2092 1846 2168; baseline 0.004 -14"><span class='ocrx_word' id='word_1_146' title='bbox 577 2092 828 2168; x_wconf 85' lang='lat' dir='ltr'><strong>LXXX</strong></span> <span class='ocrx_word' id='word_1_147' title='bbox 871 2137 886 2154; x_wconf 91' lang='lat'><strong>.</strong></span> <span class='ocrx_word' id='word_1_148' title='bbox 929 2093 1127 2155; x_wconf 86' lang='lat' dir='ltr'><strong>Subita</strong></span> <span class='ocrx_word' id='word_1_149' title='bbox 1174 2095 1381 2159; x_wconf 84' lang='lat' dir='ltr'><strong>deinde</strong></span> <span class='ocrx_word' id='word_1_150' title='bbox 1432 2096 1713 2167; x_wconf 69' lang='lat' dir='ltr'><strong>exercitiis</strong></span> <span class='ocrx_word' id='word_1_151' title='bbox 1755 2095 1846 2160; x_wconf 89' lang='lat' dir='ltr'><strong>se-</strong></span> 
     </span>
     <span class='ocr_line' id='line_1_24' title="bbox 493 2173 1846 2258; baseline 0.004 -23"><span class='ocrx_word' id='word_1_152' title='bbox 493 2175 641 2236; x_wconf 88' lang='lat' dir='ltr'><strong>ditio</strong></span> <span class='ocrx_word' id='word_1_153' title='bbox 677 2173 829 2258; x_wconf 89' lang='lat' dir='ltr'><strong>(qui</strong></span> <span class='ocrx_word' id='word_1_154' title='bbox 867 2173 1207 2257; x_wconf 86' lang='lat' dir='ltr'><strong>plerumque</strong></span> <span class='ocrx_word' id='word_1_155' title='bbox 1253 2179 1675 2258; x_wconf 74' lang='lat' dir='ltr'><strong>contemplatus</strong></span> <span class='ocrx_word' id='word_1_156' title='bbox 1722 2175 1846 2240; x_wconf 83' lang='lat' dir='ltr'><strong>fre-</strong></span> 
     </span>
     <span class='ocr_line' id='line_1_25' title="bbox 493 2253 1841 2338; baseline 0.004 -22"><span class='ocrx_word' id='word_1_157' title='bbox 493 2260 800 2337; x_wconf 86' lang='lat' dir='ltr'><strong>quentiam.</strong></span> <span class='ocrx_word' id='word_1_158' title='bbox 819 2253 978 2316; x_wconf 82' lang='lat' dir='ltr'><strong>suam</strong></span> <span class='ocrx_word' id='word_1_159' title='bbox 997 2301 1018 2331; x_wconf 92' lang='lat'>,</span> <span class='ocrx_word' id='word_1_160' title='bbox 1056 2277 1089 2316; x_wconf 78' lang='lat' dir='ltr'>a</span> <span class='ocrx_word' id='word_1_161' title='bbox 1126 2254 1419 2338; x_wconf 75' lang='lat' dir='ltr'><strong>disciplina</strong></span> <span class='ocrx_word' id='word_1_162' title='bbox 1452 2257 1743 2332; x_wconf 78' lang='lat' dir='ltr'><strong>descisci13</strong></span> <span class='ocrx_word' id='word_1_163' title='bbox 1772 2259 1841 2322; x_wconf 89' lang='lat'>&amp;</span> 
     </span>
     <span class='ocr_line' id='line_1_26' title="bbox 537 2335 1843 2418; baseline 0.002 -23"><span class='ocrx_word' id='word_1_164' title='bbox 537 2337 657 2397; x_wconf 74' lang='lat' dir='ltr'><strong>uod</strong></span> <span class='ocrx_word' id='word_1_165' title='bbox 696 2355 906 2418; x_wconf 84' lang='lat' dir='ltr'><strong>cogere</strong></span> <span class='ocrx_word' id='word_1_166' title='bbox 935 2335 996 2396; x_wconf 89' lang='lat' dir='ltr'><strong>se</strong></span> <span class='ocrx_word' id='word_1_167' title='bbox 1031 2354 1193 2417; x_wconf 83' lang='lat' dir='ltr'><strong>putat</strong></span> <span class='ocrx_word' id='word_1_168' title='bbox 1230 2337 1389 2418; x_wconf 83' lang='lat' dir='ltr'><strong>posse</strong></span> <span class='ocrx_word' id='word_1_169' title='bbox 1414 2381 1434 2410; x_wconf 93' lang='lat'>‚</span> <span class='ocrx_word' id='word_1_170' title='bbox 1472 2357 1676 2416; x_wconf 81' lang='lat' dir='ltr'><strong>rogare</strong></span> <span class='ocrx_word' id='word_1_171' title='bbox 1718 2358 1843 2398; x_wconf 76' lang='lat' dir='ltr'><strong>non</strong></span> 
     </span>
     <span class='ocr_line' id='line_1_27' title="bbox 493 2357 1844 2498; baseline 0.004 -24"><span class='ocrx_word' id='word_1_172' title='bbox 493 2357 784 2498; x_wconf 49' lang='lat' dir='ltr'><strong>pastina)</strong></span> <span class='ocrx_word' id='word_1_173' title='bbox 820 2417 1026 2495; x_wconf 84' lang='lat' dir='ltr'><strong>partim</strong></span> <span class='ocrx_word' id='word_1_174' title='bbox 1064 2415 1398 2489; x_wconf 78' lang='lat' dir='ltr'><strong>severitate,</strong></span> <span class='ocrx_word' id='word_1_175' title='bbox 1443 2419 1648 2497; x_wconf 87' lang='lat' dir='ltr'><strong>partim</strong></span> <span class='ocrx_word' id='word_1_176' title='bbox 1688 2416 1844 2481; x_wconf 84' lang='lat' dir='ltr'><strong>libe-</strong></span> 
     </span>
     <span class='ocr_line' id='line_1_28' title="bbox 489 2493 1841 2580; baseline 0.004 -26"><span class='ocrx_word' id='word_1_177' title='bbox 489 2496 710 2556; x_wconf 81' lang='lat' dir='ltr'><strong>ralitate</strong></span> <span class='ocrx_word' id='word_1_178' title='bbox 764 2493 995 2556; x_wconf 75' lang='lat' dir='ltr'><strong>discussa</strong></span> <span class='ocrx_word' id='word_1_179' title='bbox 1045 2497 1334 2576; x_wconf 76' lang='lat' dir='ltr'><strong>principis,</strong></span> <span class='ocrx_word' id='word_1_180' title='bbox 1386 2493 1841 2580; x_wconf 80' lang='lat' dir='ltr'><strong>Speciosumque</strong></span> 
     </span>
     <span class='ocr_line' id='line_1_29' title="bbox 489 2573 1842 2658; baseline 0.004 -24"><span class='ocrx_word' id='word_1_181' title='bbox 489 2595 596 2657; x_wconf 83' lang='lat' dir='ltr'><strong>per</strong></span> <span class='ocrx_word' id='word_1_182' title='bbox 639 2576 700 2635; x_wconf 89' lang='lat' dir='ltr'><strong>id</strong></span> <span class='ocrx_word' id='word_1_183' title='bbox 749 2593 976 2655; x_wconf 84' lang='lat' dir='ltr'><strong>tempus</strong></span> <span class='ocrx_word' id='word_1_184' title='bbox 1027 2573 1315 2655; x_wconf 68' lang='lat' dir='ltr'><strong>adjeClum</strong></span> <span class='ocrx_word' id='word_1_185' title='bbox 1374 2575 1433 2635; x_wconf 91' lang='lat' dir='ltr'><strong>su</strong></span> <span class='ocrx_word' id='word_1_186' title='bbox 1479 2577 1842 2658; x_wconf 86' lang='lat' dir='ltr'><strong>plementum</strong></span> 
     </span>
     <span class='ocr_line' id='line_1_30' title="bbox 491 2653 1841 2736; baseline -0.001 -18"><span class='ocrx_word' id='word_1_187' title='bbox 491 2653 807 2736; x_wconf 85' lang='lat' dir='ltr'><strong>Campanae</strong></span> <span class='ocrx_word' id='word_1_188' title='bbox 841 2655 1083 2716; x_wconf 83' lang='lat' dir='ltr'><strong>coloniae</strong></span> <span class='ocrx_word' id='word_1_189' title='bbox 1116 2678 1131 2716; x_wconf 77' lang='lat' dir='ltr'>t</span> <span class='ocrx_word' id='word_1_190' title='bbox 1164 2654 1285 2735; x_wconf 74' lang='lat' dir='ltr'><strong>ejus</strong></span> <span class='ocrx_word' id='word_1_191' title='bbox 1323 2659 1427 2717; x_wconf 86' lang='lat' dir='ltr'><strong>reli</strong></span> <span class='ocrx_word' id='word_1_192' title='bbox 1484 2659 1504 2717; x_wconf 83' lang='lat' dir='ltr'><strong>i</strong></span> <span class='ocrx_word' id='word_1_193' title='bbox 1540 2676 1841 2736; x_wconf 63' lang='lat' dir='ltr'><strong>erantpa-</strong></span> 
     </span>
     <span class='ocr_line' id='line_1_31' title="bbox 490 2735 1837 2822; baseline -0.001 -22"><span class='ocrx_word' id='word_1_194' title='bbox 490 2735 628 2800; x_wconf 84' lang='lat' dir='ltr'><strong>hlici</strong></span> <span class='ocrx_word' id='word_1_195' title='bbox 674 2758 698 2814; x_wconf 88' lang='lat'>;</span> <span class='ocrx_word' id='word_1_196' title='bbox 751 2759 856 2821; x_wconf 85' lang='lat' dir='ltr'><strong>pro</strong></span> <span class='ocrx_word' id='word_1_197' title='bbox 909 2737 998 2800; x_wconf 87' lang='lat' dir='ltr'><strong>his</strong></span> <span class='ocrx_word' id='word_1_198' title='bbox 1048 2736 1221 2822; x_wconf 58' lang='lat' dir='ltr'><strong>longe</strong></span> <span class='ocrx_word' id='word_1_199' title='bbox 1274 2739 1570 2803; x_wconf 81' lang='lat' dir='ltr'><strong>uberiores</strong></span> <span class='ocrx_word' id='word_1_200' title='bbox 1613 2736 1837 2801; x_wconf 68' lang='lat' dir='ltr'><strong>&#39;reditus</strong></span> 
     </span>
    </p>
   </div>
   <div class='ocr_carea' id='block_1_3' title="bbox 997 1611 1844 1698">
    <p class='ocr_par' dir='ltr' id='par_1_3' title="bbox 997 1611 1844 1698">
     <span class='ocr_line' id='line_1_32' title="bbox 997 1611 1844 1698; baseline 0.002 -24"><span class='ocrx_word' id='word_1_201' title='bbox 997 1629 1203 1674; x_wconf 85' lang='lat' dir='ltr'><strong>ortuna</strong></span> <span class='ocrx_word' id='word_1_202' title='bbox 1236 1611 1487 1676; x_wconf 75' lang='lat' dir='ltr'><strong>desertus</strong></span> <span class='ocrx_word' id='word_1_203' title='bbox 1512 1660 1531 1690; x_wconf 95' lang='lat'><strong>,</strong></span> <span class='ocrx_word' id='word_1_204' title='bbox 1567 1616 1844 1698; x_wconf 86' lang='lat' dir='ltr'><strong>pulloque</strong></span> 
     </span>
    </p>
   </div>
  </div>
 </body>
</html>
