2067 3667
518 333 616 404 72
766 311 843 381 L.
892 255 1262 380 ANN'AEr
1309 309 1619 381 From·

520 449 875 512 regnumque
910 429 1194 488 concessit
1217 449 1232 488 τ
1265 447 1404 488 mox
1424 473 1444 500 ‚
1465 449 1540 488 ne
1573 425 1712 510 quid
1737 426 1878 488 esset

518 510 725 572 hostile
744 557 759 579 ,
798 509 1032 570 Thebas
1056 555 1071 578 ,
1105 511 1170 570 &
1193 507 1472 570 Euboeam
1493 549 1512 580 ,
1537 509 1602 568 &
1633 507 1878 589 grassan-

518 609 637 652 tem
657 590 757 650 sub
779 590 1010 650 Nabide
1042 588 1141 650 suo
1173 590 1590 650 Lacedaemona
1611 588 1876 668 compes·

520 674 653 732 cuit.
690 669 933 732 Graeciae
968 673 1117 732 verb
1152 688 1414 732 veterem
1451 668 1656 730 statum
1685 669 1877 728 reddi-

518 752 641 823 dit,
680 769 743 812 ut
778 751 998 832 legibus
1039 755 1270 811 viveret
1309 750 1416 810 suis
1441 795 1462 824 ‚
1501 752 1566 812 δι
1615 750 1769 809 avita
1803 749 1876 808 li-

516 831 739 892 bertate
768 831 1077 909 frueretur.
1117 830 1274 910 Quae
1311 831 1555 912 gaudia,
1595 852 1722 912 quae
1761 851 1876 889 vo-

514 911 881 974 ciferationes
916 911 1148 972 fuerunt
1169 955 1188 984 ,
1225 932 1402 992 quum
1427 912 1538 970 hoc
1568 909 1716 970 forte
1741 908 1800 968 N
1803 932 1874 970 e-

521 1013 670 1054 meae
713 997 771 1052 in
814 993 1040 1052 theatro
1085 993 1598 1073 quinquennalibus
1643 990 1790 1050 ludis
1837 1011 1874 1050 a

520 1078 789 1154 praecone
828 1091 1127 1134 caneretur
1162 1074 1184 1133 ἓ
1219 1093 1338 1153 quo
1378 1091 1674 1134 certavere
1709 1071 1875 1150 plau-

517 1154 579 1214 su
604 1155 629 1213 ἓ
650 1156 791 1236 quid
812 1155 1022 1214 florum
1051 1158 1109 1213 in
1133 1152 1424 1214 consulem
1447 1152 1871 1234 profuderunt?

519 1234 594 1296 Et
628 1237 838 1294 iterum
874 1237 1200 1316 iterumque
1238 1255 1569 1314 praeconem
1611 1249 1872 1314 repetere

518 1315 672 1374 illam
692 1337 905 1377 vocem
928 1314 1240 1394 jubebant,
1305 1316 1378 1376 ua
1395 1314 1622 1374 libertas
1639 1313 1873 1374 Achaiae

517 1396 989 1476 pronuntiabatur
1029 1417 1050 1469 ;
1099 1416 1204 1456 nec
1253 1337 1414 1456 {iiter
1459 1395 1550 1456 illa
1597 1392 1876 1454 consulari

521 1475 804 1536 sententia
833 1520 854 1549 ,
884 1475 1059 1558 quam
1089 1476 1548 1536 modulatissimo
1582 1475 1774 1557 aliquo
1803 1477 1876 1534 ti-

515 1557 741 1618 biarum
760 1603 783 1630 ,
816 1575 916 1618 aut
946 1554 1151 1618 fidium
1185 1575 1356 1618 cantu
1388 1556 1734 1618 fruebantur.

540 1705 1856 1782 0=--.-.--=-—==.·.-ffgffi==========*

656 1839 660 1846 ’
802 1834 1238 1906 CAPUT
1334 1835 1593 1906 VIII.

520 1978 815 2035 BELLUM
858 1977 1228 2030 SYRIACUM
1259 1975 1474 2028 REGIS
1505 1975 1873 2031 ANTIOCHI.

522 2077 1128 2186 MACEDONIAM
1169 2120 1352 2183 statim
1375 2167 1393 2196 ,
1426 2125 1490 2185 &
1523 2121 1722 2206 regem
1747 2123 1880 2184 Phi·

522 2205 746 2286 lippum
767 2205 1093 2265 Antiochus
1131 2206 1355 2284 excepit
1373 2249 1392 2278 ‚
1418 2205 1669 2286 quodam
1702 2204 1830 2266 casu
1848 2250 1871 2280 ,

520 2290 681 2366 quasi
704 2284 975 2346 industria
994 2330 1017 2356 ,
1043 2288 1123 2344 sic
1149 2283 1572 2366 adgubernante
1604 2284 1836 2346 fortuna
1852 2331 1874 2360 ‚

520 2385 585 2426 ut
614 2365 1108 2447 quemadmodum
1139 2366 1210 2424 ab
1235 2365 1432 2426 Africa
1455 2369 1514 2424 in
1537 2365 1692 2426 Euro
1735 2387 1830 2426 am
1846 2409 1873 2438 ,

518 2448 603 2506 sic
640 2448 711 2506 ab
748 2445 981 2524 Europa
1014 2449 1078 2504 in
1111 2443 1348 2515 Asiam,
1385 2446 1537 2506 ultro
1575 2446 1633 2506 se
1673 2387 1874 2528 iiigge-

520 2525 777 2584 rentibus
808 2528 986 2584 causis
1006 2571 1023 2594 ,
1054 2527 1359 2605 imperium
1402 2527 1780 2608 procederet;
1803 2529 1872 2590 &

520 2625 654 2666 cum
694 2622 969 2669 terrarum
1006 2605 1164 2666 orbis
1201 2609 1311 2666 situ
1347 2607 1466 2688 ipse
1501 2608 1650 2668 ordo
1693 2606 1876 2668 viCio-

518 2687 731 2746 riarum
764 2688 1073 2769 navigaret.
1099 2686 1237 2748 Non
1261 2689 1415 2750 aliud
1438 2688 1872 2748 formidolosius

518 2763 673 2830 fama
718 2766 935 2834 bellum
976 2767 1086 2832 fuit
1119 2790 1144 2847 5
1192 2771 1408 2854 quippe
1457 2789 1638 2854 quum
1678 2767 1874 2916 Pei-fg
