2067 3667
528 314 623 391 26
768 317 846 387 L.
896 316 1264 387 ANNE!
1310 301 1614 387 F'Lont

518 435 701 519 Igitur
732 454 908 496 omne
944 434 1170 495 Latium
1192 478 1212 507 ‚
1249 433 1518 495 Mamilio
1550 431 1880 499 Tusculano
1923 436 1928 439 ’

518 518 711 591 duce,
748 518 911 599 quasi
946 517 1006 576 in
1043 536 1104 575 re
1146 518 1193 575 is
1220 515 1544 585 ultionem,
1577 516 1731 577 tollit
1761 520 1884 578 ani·

517 618 669 659 mos.
722 596 902 677 Apud
948 596 1164 679 Regni
1205 597 1394 657 lacum
1441 596 1740 658 dimicatur
1781 599 1886 659 diu

516 676 712 739 Marte
747 678 911 739 vario
928 720 948 750 ,
982 678 1172 738 donec
1205 675 1567 737 Posthumius
1602 677 1724 760 ipse
1759 679 1884 739 dic·-

515 775 670 819 tator
708 759 934 841 signum
969 759 1031 817 in
1065 756 1258 819 hostes
1292 754 1573 838 jaculatus
1609 758 1694 819 est
1728 758 1888 841 (no-

513 861 661 903 vum
694 841 1010 922 &insigne
1051 836 1506 921 commentum)
1543 842 1628 898 uti
1653 857 1884 922 petere·

512 937 605 981 tur
632 918 813 981 cursu.
844 916 1052 981 Coffus
1091 922 1354 1002 equitum
1376 917 1644 1001 magister
1671 941 1886 981 exuere

512 1000 713 1062 frenos
763 1003 1076 1082 imperavit
1117 999 1147 1082 (
1177 1002 1242 1061 δι
1281 1000 1396 1061 hoc
1439 1021 1664 1061 novum
1696 998 1724 1081 )
1759 1002 1885 1083 quo

511 1086 696 1143 acrius
746 1084 1124 1143 incurrerent.
1181 1080 1267 1141 Ea
1313 1081 1564 1161 denique
1615 1084 1885 1141 atrocitas

509 1162 621 1223 fuit
656 1162 887 1245 proelii,
914 1180 979 1223 ut
1020 1159 1330 1222 interfuisse
1368 1160 1696 1243 speetaculo
1735 1162 1887 1223 deos

510 1242 665 1305 fama
699 1244 999 1303 tradiderit
1039 1266 1054 1303 :
1095 1243 1342 1303 duos‘in
1385 1240 1646 1301 candidis
1678 1262 1710 1300 e
1794 1244 1884 1317 's,

510 1322 817 1384 Castorem
865 1340 1036 1405 atque
1080 1322 1384 1383 Pollucem
1431 1342 1609 1381 nemo
1657 1264 1886 1382 duffiilta-

508 1406 617 1466 vit.
665 1402 867 1487 Itaque
896 1405 975 1499 .&
1020 1406 1340 1486 imperator
1381 1419 1694 1497 veneratus
1746 1400 1830 1463 est
1859 1446 1882 1477 ,

508 1483 817 1639 ffiffiffiss‘f
847 1482 1889 1647 3332T²¹5¹23²ffifssssssd¹3223¹22323m55

510 1646 792 1707 litonibus
846 1646 989 1707 deis.
1047 1587 1340 1705 {laamas
1397 1652 1507 1726 p'ro
1559 1643 1824 1705 libertate
1863 1665 1901 1706 t·

509 1748 657 1789 mox
698 1728 773 1787 de
806 1725 1019 1787 finibus
1058 1732 1190 1786 eum
1231 1724 1453 1785 eisdem
1488 1724 1704 1785 Latinis
1743 1727 1886 1785 assi·-

510 1808 627 1867 due
672 1808 737 1868 &
781 1810 901 1868 sine
944 1808 1376 1867 intermissione
1419 1826 1498 1885 pu
1538 1824 1736 1865 natum
1778 1802 1882 1865 est.

510 1886 657 1949 Sora
692 1886 867 1969 (quis
906 1884 1203 1967 credat?)
1245 1887 1310 1947 δι
1349 1825 1632 1967 ΑΙςὶἕυῐη
1670 1887 1884 1947 terrori

508 1968 743 2029 fuerunt
768 1991 787 2043 3
817 1966 1100 2027 Satricum
1127 1984 1298 2047 atque
1329 1963 1717 2027 Corniculum
1741 1987 1886 2048 pro-

510 2051 741 2112 vinciae.
772 2048 871 2109 De
897 2047 1128 2109 Verulis
1153 2048 1216 2109 δι
1245 2046 1497 2107 Bovillis
1531 2048 1712 2128 pudet
1734 2068 1756 2121 ;
1779 2044 1884 2107 sed

511 2132 1015 2275 tetriumgnavirrfius.
1039 2127 1407 2269 Tffurdnzinf
1451 2126 1850 2267 suburbanuntii
1859 2168 1883 2201 ,

636 2234 683 2272 ae
736 2229 846 2273 1vae
937 2230 1087 2270 raene
1139 2230 1174 2269 e
1261 2228 1439 2268 emae
1471 2252 1490 2282 ‚
1537 2226 1730 2267 nuncu
1775 2228 1808 2266 a
1855 2228 1882 2269 s

512 2294 574 2353 in
606 2291 902 2373 Capitolio
940 2290 1500 2371 votispetebantur.
1535 2287 1704 2347 Idem
1733 2228 1882 2350 {unc

511 2372 743 2435 Faesulae
780 2415 800 2447 ‚
841 2372 1000 2455 quod
1042 2370 1234 2432 Carrae
1274 2388 1458 2446 nuper
1503 2388 1518 2425 z
1561 2367 1724 2427 idem
1770 2388 1882 2429 ne-

514 2476 643 2515 mus
689 2452 991 2513 Aricinum
1020 2494 1042 2523 ,
1086 2450 1235 2510 ‘uod
1275 2447 1613 2527 Hercynius
1665 2446 1837 2508 saltus
1860 2472 1879 2509 z

511 2530 837 2621 Fregellae,
881 2529 1040 2612 quod
1157 2527 1469 2588 esoriacum
1516 2548 1535 2587 .·
1581 2526 1880 2603 Tiberis,

515 2613 678 2695 quod
726 2610 1064 2693 Euphrates.
1101 2608 1376 2671 Coriolos
1424 2629 1500 2690 qu
1625 2629 1658 2669 e
1698 2655 1721 2683 ‚
1765 2628 1881 2689 pro

516 2695 709 2777 pudor
747 2696 762 2755 l
800 2692 987 2757 vifios
1028 2737 1048 2767 ,
1100 2691 1253 2752 adeo
1330 2690 1487 2751 loriae
1603 2688 1703 2751 Tse·
1734 2731 1756 2762 ,
1813 2708 1881 2753 ut

505 2794 741 2859 captum
777 2774 1064 2859 oppidum
1087 2770 1262 2839 Caius
1292 2796 1300 2803 ·
1464 2772 1477 2786 '
1575 2767 1883 2857 coriola,
