2067 3667
506 275 594 388 56
745 286 813 355 C.
871 289 1135 355 VELL.
1188 286 1301 354 ΡΛ
1332 236 1591 353 Tenc.
1662 274 1673 279 “

495 407 804 469 honoravit
841 403 1164 475 memoria,
1216 404 1421 485 quibus
1457 405 1581 463 sine
1617 402 1865 463 nomine

500 485 742 549 Sullanae
775 485 1030 547 vifitoriae
1066 484 1443 545 celebrantur.

535 566 542 575 ’
585 565 920 628 XXVIII.
961 565 1139 625 Paulo
1184 565 1316 625 ante
1360 562 1535 645 quam
1581 560 1737 623 Sulla
1788 562 1867 621 ad

504 641 894 728 Sacriportum
925 648 1217 706 dimicaret
1240 691 1259 720 ,
1298 642 1611 727 magnificis
1640 643 1867 727 proeliis

461 795 464 800 y
503 732 752 809 partium
785 726 910 808 ejus
939 729 1048 788 viri
1072 725 1321 787 hostium
1347 726 1657 785 exercitum
1692 722 1869 783 fude-

507 827 634 869 rant
667 832 686 883 ;
723 810 840 870 duo
869 806 1098 874 Servilii
1133 808 1284 887 apud
1314 804 1575 867 Clusium
1597 849 1616 877 ‚
1650 803 1871 863 Metel·

505 887 593 949 lus
637 892 762 970 pius
819 889 970 968 apud
1019 888 1353 948 Faventiam
1393 931 1411 959 ‚
1460 885 1547 945 Μ.
1593 884 1867 945 Lucullus

508 972 660 1029 circa
710 968 1053 1032 Fidentiam.
1104 967 1466 1027 Videbantur
1514 963 1673 1025 finita
1721 964 1869 1024 belli

510 1051 698 1111 civilis
723 1051 872 1109 mala
893 1093 911 1123 ,
947 1070 1127 1131 quum
1150 1046 1318 1108 Sullae
1344 1046 1675 1107 crudelitate
1700 1044 1871 1105 au&a

509 1128 637 1197 sunt
665 1152 683 1189 .·
712 1132 928 1212 quippe
969 1128 1209 1189 difliator
1249 1145 1466 1188 creatus
1506 1124 1723 1208 (cujus
1759 1126 1872 1185 ho·-

510 1213 670 1269 noris
703 1210 993 1291 usurpatio
1029 1231 1131 1291 per
1182 1230 1362 1268 annos
1396 1225 1629 1281 centum
1660 1208 1891 1288 viginti¹

513 1289 822 1373 intermissa
867 1312 886 1364 3
937 1311 1069 1349 nam
1124 1291 1419 1369 proximus
1474 1286 1604 1369 post
1652 1308 1876 1349 annum

513 1370 686 1452 quam
720 1370 974 1430 Annibal
1009 1368 1169 1429 Italia
1202 1367 1511 1430 excesserat
1536 1390 1555 1429 .-
1584 1370 1666 1429 uti
1696 1389 1885 1449 appa--

513 1470 636 1513 reat
683 1450 960 1531 populum
1005 1448 1335 1511 Romanum
1374 1447 1537 1510 usum
1582 1447 1873 1509 diEiatoris

513 1551 636 1593 non
677 1550 795 1591 tam
845 1528 1186 1610 desiderasse
1214 1574 1232 1603 ,
1270 1529 1445 1611 quam
1482 1526 1719 1589 timuisse
1757 1550 1877 1611 po-

513 1608 822 1693 testatem)
853 1611 1139 1691 imperio,
1175 1632 1293 1692 quo
1330 1613 1547 1692 priores
1580 1611 1654 1670 ad
1685 1610 1885 1685 vindif,

517 1693 760 1753 eandam
819 1694 1083 1751 maximis
1135 1694 1398 1771 periculis
1452 1690 1875 1771 rempublicam

515 1775 607 1831 usi
645 1772 870 1832 fuerant
895 1816 916 1844 ‚
954 1772 1283 1832 immodicae
1326 1771 1665 1832 crudelitatis
1698 1772 1886 1840 licen-2

517 1852 600 1911 tia
633 1852 764 1911 usus
803 1850 902 1911 est'.
941 1851 1158 1913 Primus
1200 1852 1297 1912 ille
1324 1898 1343 1926 ,
1380 1852 1446 1913 &
1482 1856 1697 1912 utinam
1736 1852 1879 1913 ulti-

517 1952 648 1995 mus
691 1935 707 1993 2
756 1932 1087 2013 exemplum
1134 1932 1563 2013 proscriptionis
1604 1934 1825 1993 invenit
1852 1926 1885 2007 ,'

517 2029 584 2071 ut
603 2056 625 2084 ,
658 2014 717 2073 in
753 2034 865 2095 qua
899 2016 1129 2074 civitate
1164 2014 1469 2094 petulantis
1505 2016 1750 2074 convicii
1784 2012 1877 2093 ju·

519 2093 737 2185 dicium
779 2092 1034 2151 histrioni
1070 2094 1299 2154 exoleto
1339 2094 1595 2155 redditur
1638 2139 1657 2168 ,
1699 2097 1757 2153 in
1806 2114 1880 2155 ea

515 2174 757 2256 jugulati
792 2175 935 2233 civis
970 2172 1221 2233 Romani
1247 2174 1475 2255 publice
1503 2174 1880 2251 constituere-

517 2270 612 2315 tur
645 2253 1134 2315 auetoramentum
1166 2300 1187 2328 ‚
1228 2256 1654 2337 plurimumque
1697 2256 1879 2314 habe-

518 2351 609 2395 ret
637 2379 662 2409 ,v
686 2336 783 2415 qui
811 2335 1086 2415 plurimos
1116 2334 1483 2397 interemisset
1507 2357 1525 2408 ;
1558 2356 1746 2417 neque
1772 2358 1881 2407 oc-⁴

521 2417 622 2476 cisi
654 2412 829 2473 hostis
849 2458 871 2485 ,
896 2414 1067 2497 quam
1089 2417 1231 2476 civis
1250 2459 1269 2488 ‚
1292 2416 1522 2475 uberius
1551 2416 1703 2477 foret
1726 2438 1882 2497 prae-

520 2496 702 2571 rjnium
741 2516 762 2567 ;
807 2492 1085 2577 fieretque
1128 2496 1361 2577 quisque
1406 2517 1628 2557 merces
1674 2500 1879 2575 mortis³

520 2572 655 2637 suae.
689 2573 815 2633 Nec
852 2584 1045 2635 tamen
1079 2577 1137 2637 in
1175 2596 1277 2637 eos
1300 2622 1318 2650 ‚
1394 2578 1449 2636 ui
1486 2577 1687 2637 contra
1719 2598 1883 2638 arma

520 2654 806 2729 tulerant,
837 2653 934 2723 sed
961 2657 1020 2714 in
1052 2654 1261 2717 multos
1295 2598 1544 2717 insontes
1578 2657 1876 2719 saevitum:

519 2730 807 2816 adjefium
849 2732 1075 2814 etiamss
1112 2753 1175 2797 ut
1223 2738 1377 2799 bona
1428 2730 1883 2823 proscriptorum
