<?xml version="1.0" encoding="UTF-8"?>
<!DOCTYPE html PUBLIC "-//W3C//DTD XHTML 1.0 Transitional//EN"
    "http://www.w3.org/TR/xhtml1/DTD/xhtml1-transitional.dtd">
<html xmlns="http://www.w3.org/1999/xhtml" xml:lang="en" lang="en">
 <head>
  <title>
</title>
<meta http-equiv="Content-Type" content="text/html;charset=utf-8" />
  <meta name='ocr-system' content='tesseract 3.04.00' />
  <meta name='ocr-capabilities' content='ocr_page ocr_carea ocr_par ocr_line ocrx_word'/>
</head>
<body>
  <div class='ocr_page' id='page_1' title='image "./caiivelleiipate00lallgoog_0046.png"; bbox 0 0 2067 3667; ppageno 0'>
   <div class='ocr_carea' id='block_1_1' title="bbox 516 250 1700 345">
    <p class='ocr_par' dir='ltr' id='par_1_1' title="bbox 516 250 1700 345">
     <span class='ocr_line' id='line_1_1' title="bbox 516 250 1700 345; baseline -0.004 -20"><span class='ocrx_word' id='word_1_1' title='bbox 516 277 612 345; x_wconf 78' lang='lat'>²4</span> <span class='ocrx_word' id='word_1_2' title='bbox 710 252 778 321; x_wconf 92' lang='lat' dir='ltr'>C.</span> <span class='ocrx_word' id='word_1_3' title='bbox 821 256 1072 322; x_wconf 75' lang='lat' dir='ltr'><em>VELL.</em></span> <span class='ocrx_word' id='word_1_4' title='bbox 1111 253 1216 321; x_wconf 72' lang='grc' dir='ltr'>ΡΑ</span> <span class='ocrx_word' id='word_1_5' title='bbox 1241 251 1602 319; x_wconf 61' lang='grc' dir='ltr'>τεκαὶ.</span> <span class='ocrx_word' id='word_1_6' title='bbox 1637 250 1700 320; x_wconf 87' lang='grc' dir='ltr'>Ι.</span> 
     </span>
    </p>
   </div>
   <div class='ocr_carea' id='block_1_2' title="bbox 454 366 1880 1975">
    <p class='ocr_par' dir='ltr' id='par_1_2' title="bbox 511 366 1876 619">
     <span class='ocr_line' id='line_1_2' title="bbox 511 366 1872 453; baseline -0.006 -16"><span class='ocrx_word' id='word_1_7' title='bbox 511 374 843 446; x_wconf 77' lang='lat' dir='ltr'>summum3</span> <span class='ocrx_word' id='word_1_8' title='bbox 890 368 1248 453; x_wconf 84' lang='lat' dir='ltr'>difficilisque</span> <span class='ocrx_word' id='word_1_9' title='bbox 1295 370 1356 428; x_wconf 88' lang='lat' dir='ltr'>in</span> <span class='ocrx_word' id='word_1_10' title='bbox 1399 366 1653 449; x_wconf 67' lang='lat' dir='ltr'>perfeao</span> <span class='ocrx_word' id='word_1_11' title='bbox 1699 386 1872 429; x_wconf 82' lang='lat' dir='ltr'>mora</span> 
     </span>
     <span class='ocr_line' id='line_1_3' title="bbox 518 448 1876 533; baseline -0.004 -17"><span class='ocrx_word' id='word_1_12' title='bbox 518 454 603 517; x_wconf 88' lang='lat' dir='ltr'>est</span> <span class='ocrx_word' id='word_1_13' title='bbox 628 477 646 529; x_wconf 90' lang='lat'>;</span> <span class='ocrx_word' id='word_1_14' title='bbox 682 452 1124 533; x_wconf 83' lang='lat' dir='ltr'>naturaliterque</span> <span class='ocrx_word' id='word_1_15' title='bbox 1149 494 1172 522; x_wconf 93' lang='lat'>,</span> <span class='ocrx_word' id='word_1_16' title='bbox 1207 450 1366 532; x_wconf 86' lang='lat' dir='ltr'>quod</span> <span class='ocrx_word' id='word_1_17' title='bbox 1396 448 1712 529; x_wconf 86' lang='lat' dir='ltr'>procedere</span> <span class='ocrx_word' id='word_1_18' title='bbox 1745 470 1876 511; x_wconf 77' lang='lat' dir='ltr'>non</span> 
     </span>
     <span class='ocr_line' id='line_1_4' title="bbox 514 529 1874 619; baseline -0.005 -23"><span class='ocrx_word' id='word_1_19' title='bbox 514 533 707 619; x_wconf 84' lang='lat' dir='ltr'>potest</span> <span class='ocrx_word' id='word_1_20' title='bbox 733 578 753 607; x_wconf 86' lang='lat'><strong>,</strong></span> <span class='ocrx_word' id='word_1_21' title='bbox 798 532 1017 594; x_wconf 85' lang='lat' dir='ltr'>recedit</span> <span class='ocrx_word' id='word_1_22' title='bbox 1051 553 1068 591; x_wconf 73' lang='grc' dir='ltr'><strong><em>ε</em></strong></span> <span class='ocrx_word' id='word_1_23' title='bbox 1109 532 1174 593; x_wconf 86' lang='lat'>&amp;</span> <span class='ocrx_word' id='word_1_24' title='bbox 1215 548 1282 591; x_wconf 90' lang='lat' dir='ltr'>ut</span> <span class='ocrx_word' id='word_1_25' title='bbox 1361 532 1508 589; x_wconf 76' lang='lat' dir='ltr'>rimb</span> <span class='ocrx_word' id='word_1_26' title='bbox 1551 530 1626 591; x_wconf 86' lang='lat' dir='ltr'>ad</span> <span class='ocrx_word' id='word_1_27' title='bbox 1664 529 1874 591; x_wconf 88' lang='lat' dir='ltr'>conse-</span> 
     </span>
    </p>

    <p class='ocr_par' dir='ltr' id='par_1_3' title="bbox 454 613 1880 1483">
     <span class='ocr_line' id='line_1_5' title="bbox 560 613 1874 695; baseline -0.004 -20"><span class='ocrx_word' id='word_1_28' title='bbox 560 615 783 677; x_wconf 87' lang='lat' dir='ltr'>uendos</span> <span class='ocrx_word' id='word_1_29' title='bbox 808 657 828 686; x_wconf 87' lang='lat'><strong>,</strong></span> <span class='ocrx_word' id='word_1_30' title='bbox 870 635 1017 695; x_wconf 88' lang='lat' dir='ltr'>quos</span> <span class='ocrx_word' id='word_1_31' title='bbox 1057 614 1276 694; x_wconf 87' lang='lat' dir='ltr'>priores</span> <span class='ocrx_word' id='word_1_32' title='bbox 1353 613 1572 673; x_wconf 85' lang='lat' dir='ltr'>ucimus</span> <span class='ocrx_word' id='word_1_33' title='bbox 1596 657 1620 687; x_wconf 88' lang='lat'><strong>,</strong></span> <span class='ocrx_word' id='word_1_34' title='bbox 1657 631 1874 673; x_wconf 79' lang='lat' dir='ltr'>accen-</span> 
     </span>
     <span class='ocr_line' id='line_1_6' title="bbox 514 638 1876 775; baseline -0.004 -18"><span class='ocrx_word' id='word_1_35' title='bbox 514 638 709 757; x_wconf 47' lang='lat' dir='ltr'>dimur</span> <span class='ocrx_word' id='word_1_36' title='bbox 728 738 749 767; x_wconf 90' lang='lat'>‚</span> <span class='ocrx_word' id='word_1_37' title='bbox 783 698 861 754; x_wconf 86' lang='lat' dir='ltr'>ita</span> <span class='ocrx_word' id='word_1_38' title='bbox 895 695 994 753; x_wconf 84' lang='lat' dir='ltr'>ubi</span> <span class='ocrx_word' id='word_1_39' title='bbox 1028 708 1127 753; x_wconf 84' lang='lat' dir='ltr'>aut</span> <span class='ocrx_word' id='word_1_40' title='bbox 1161 694 1438 775; x_wconf 79' lang='lat' dir='ltr'>praeteriri</span> <span class='ocrx_word' id='word_1_41' title='bbox 1461 736 1481 765; x_wconf 86' lang='lat'><strong>,</strong></span> <span class='ocrx_word' id='word_1_42' title='bbox 1523 709 1624 753; x_wconf 91' lang='lat' dir='ltr'>aut</span> <span class='ocrx_word' id='word_1_43' title='bbox 1657 694 1876 774; x_wconf 82' lang='lat' dir='ltr'>aequari</span> 
     </span>
     <span class='ocr_line' id='line_1_7' title="bbox 454 770 1876 857; baseline -0.001 -24"><span class='ocrx_word' id='word_1_44' title='bbox 454 830 459 833; x_wconf 87' lang='lat'>.</span> <span class='ocrx_word' id='word_1_45' title='bbox 518 798 624 838; x_wconf 83' lang='lat' dir='ltr'>eos</span> <span class='ocrx_word' id='word_1_46' title='bbox 653 774 810 857; x_wconf 83' lang='lat' dir='ltr'>poss&#39;e</span> <span class='ocrx_word' id='word_1_47' title='bbox 840 774 1266 855; x_wconf 81' lang='lat' dir='ltr'>desperavimus</span> <span class='ocrx_word' id='word_1_48' title='bbox 1285 819 1303 849; x_wconf 92' lang='lat'><strong>,</strong></span> <span class='ocrx_word' id='word_1_49' title='bbox 1329 772 1576 835; x_wconf 88' lang='lat' dir='ltr'>studium</span> <span class='ocrx_word' id='word_1_50' title='bbox 1603 794 1738 833; x_wconf 87' lang='lat' dir='ltr'>cum</span> <span class='ocrx_word' id='word_1_51' title='bbox 1765 770 1876 853; x_wconf 85' lang='lat' dir='ltr'>spe</span> 
     </span>
     <span class='ocr_line' id='line_1_8' title="bbox 520 851 1880 937; baseline -0.004 -18"><span class='ocrx_word' id='word_1_52' title='bbox 520 856 803 928; x_wconf 84' lang='lat' dir='ltr'>senescit;</span> <span class='ocrx_word' id='word_1_53' title='bbox 836 856 903 916; x_wconf 87' lang='lat'>&amp;</span> <span class='ocrx_word' id='word_1_54' title='bbox 936 854 1098 937; x_wconf 90' lang='lat' dir='ltr'>quod</span> <span class='ocrx_word' id='word_1_55' title='bbox 1128 853 1342 936; x_wconf 85' lang='lat' dir='ltr'>affequi</span> <span class='ocrx_word' id='word_1_56' title='bbox 1373 876 1492 915; x_wconf 86' lang='lat' dir='ltr'>non</span> <span class='ocrx_word' id='word_1_57' title='bbox 1521 851 1711 937; x_wconf 85' lang='lat' dir='ltr'>potest</span> <span class='ocrx_word' id='word_1_58' title='bbox 1734 896 1754 926; x_wconf 93' lang='lat'><strong>,</strong></span> <span class='ocrx_word' id='word_1_59' title='bbox 1789 852 1880 913; x_wconf 88' lang='lat' dir='ltr'>se-</span> 
     </span>
     <span class='ocr_line' id='line_1_9' title="bbox 517 934 1878 1021; baseline -0.005 -21"><span class='ocrx_word' id='word_1_60' title='bbox 517 942 623 1021; x_wconf 84' lang='lat' dir='ltr'>qui</span> <span class='ocrx_word' id='word_1_61' title='bbox 664 936 915 1009; x_wconf 82' lang='lat' dir='ltr'>desinit3</span> <span class='ocrx_word' id='word_1_62' title='bbox 958 938 1023 997; x_wconf 88' lang='lat'>&amp;</span> <span class='ocrx_word' id='word_1_63' title='bbox 1047 978 1070 1007; x_wconf 89' lang='lat'><strong>‚</strong></span> <span class='ocrx_word' id='word_1_64' title='bbox 1113 936 1278 997; x_wconf 81' lang='lat' dir='ltr'>velut</span> <span class='ocrx_word' id='word_1_65' title='bbox 1321 952 1660 1017; x_wconf 84' lang='lat' dir='ltr'>occupatam</span> <span class='ocrx_word' id='word_1_66' title='bbox 1703 934 1878 995; x_wconf 84' lang='lat' dir='ltr'>relin-</span> 
     </span>
     <span class='ocr_line' id='line_1_10' title="bbox 516 1019 1879 1103; baseline -0.003 -24"><span class='ocrx_word' id='word_1_67' title='bbox 516 1038 703 1103; x_wconf 81' lang='lat' dir='ltr'>quens</span> <span class='ocrx_word' id='word_1_68' title='bbox 736 1019 1040 1079; x_wconf 80' lang='lat' dir='ltr'>materiam</span> <span class='ocrx_word' id='word_1_69' title='bbox 1065 1061 1086 1091; x_wconf 89' lang='lat'><strong>,</strong></span> <span class='ocrx_word' id='word_1_70' title='bbox 1129 1019 1330 1096; x_wconf 84' lang='lat' dir='ltr'>quaerit</span> <span class='ocrx_word' id='word_1_71' title='bbox 1365 1036 1625 1091; x_wconf 78' lang='lat' dir='ltr'>novam3</span> <span class='ocrx_word' id='word_1_72' title='bbox 1665 1032 1879 1097; x_wconf 79' lang='lat' dir='ltr'>praete·</span> 
     </span>
     <span class='ocr_line' id='line_1_11' title="bbox 518 1094 1879 1183; baseline -0.003 -22"><span class='ocrx_word' id='word_1_73' title='bbox 518 1106 755 1183; x_wconf 74' lang='lat' dir='ltr'>riteque</span> <span class='ocrx_word' id='word_1_74' title='bbox 794 1118 869 1159; x_wconf 91' lang='lat' dir='ltr'>eo</span> <span class='ocrx_word' id='word_1_75' title='bbox 892 1142 911 1167; x_wconf 91' lang='lat'><strong>,</strong></span> <span class='ocrx_word' id='word_1_76' title='bbox 954 1100 1015 1157; x_wconf 88' lang='lat' dir='ltr'>in</span> <span class='ocrx_word' id='word_1_77' title='bbox 1057 1118 1176 1181; x_wconf 90' lang='lat' dir='ltr'>quo</span> <span class='ocrx_word' id='word_1_78' title='bbox 1219 1099 1474 1157; x_wconf 84' lang='lat' dir='ltr'>eminere</span> <span class='ocrx_word' id='word_1_79' title='bbox 1515 1118 1636 1159; x_wconf 86' lang='lat' dir='ltr'>non</span> <span class='ocrx_word' id='word_1_80' title='bbox 1675 1094 1879 1178; x_wconf 76' lang='lat' dir='ltr'>poss&#39;u-</span> 
     </span>
     <span class='ocr_line' id='line_1_12' title="bbox 520 1178 1878 1260; baseline -0.004 -17"><span class='ocrx_word' id='word_1_81' title='bbox 520 1204 652 1243; x_wconf 88' lang='lat' dir='ltr'>mus</span> <span class='ocrx_word' id='word_1_82' title='bbox 674 1222 695 1252; x_wconf 86' lang='lat'>‚</span> <span class='ocrx_word' id='word_1_83' title='bbox 722 1178 933 1259; x_wconf 88' lang='lat' dir='ltr'>aliquid</span> <span class='ocrx_word' id='word_1_84' title='bbox 960 1180 1019 1237; x_wconf 85' lang='lat' dir='ltr'>in</span> <span class='ocrx_word' id='word_1_85' title='bbox 1125 1199 1164 1237; x_wconf 92' lang='grc' dir='ltr'><strong>ο</strong></span> <span class='ocrx_word' id='word_1_86' title='bbox 1189 1179 1434 1239; x_wconf 85' lang='lat' dir='ltr'>nitamur</span> <span class='ocrx_word' id='word_1_87' title='bbox 1453 1180 1842 1260; x_wconf 87' lang='lat' dir='ltr'>conquirimus</span> <span class='ocrx_word' id='word_1_88' title='bbox 1856 1200 1878 1253; x_wconf 81' lang='lat'>3</span> 
     </span>
     <span class='ocr_line' id='line_1_13' title="bbox 518 1260 1880 1343; baseline -0.003 -22"><span class='ocrx_word' id='word_1_89' title='bbox 518 1262 889 1343; x_wconf 83' lang='lat' dir='ltr'>sequiturque</span> <span class='ocrx_word' id='word_1_90' title='bbox 912 1302 933 1331; x_wconf 92' lang='lat'><strong>,</strong></span> <span class='ocrx_word' id='word_1_91' title='bbox 966 1275 1031 1318; x_wconf 89' lang='lat' dir='ltr'>ut</span> <span class='ocrx_word' id='word_1_92' title='bbox 1111 1278 1330 1340; x_wconf 86' lang='lat' dir='ltr'>equens</span> <span class='ocrx_word' id='word_1_93' title='bbox 1361 1264 1424 1319; x_wconf 74' lang='lat' dir='ltr'>ai:</span> <span class='ocrx_word' id='word_1_94' title='bbox 1455 1260 1688 1320; x_wconf 80' lang='lat' dir='ltr'>mobilis</span> <span class='ocrx_word' id='word_1_95' title='bbox 1721 1274 1880 1319; x_wconf 85' lang='lat' dir='ltr'>tran-</span> 
     </span>
     <span class='ocr_line' id='line_1_14' title="bbox 522 1337 1878 1433; baseline -0.001 -32"><span class='ocrx_word' id='word_1_96' title='bbox 522 1345 659 1402; x_wconf 85' lang='lat' dir='ltr'>situs</span> <span class='ocrx_word' id='word_1_97' title='bbox 714 1342 1032 1433; x_wconf 70' lang='lat' dir='ltr'>maximum</span> <span class='ocrx_word' id='word_1_98' title='bbox 1080 1337 1322 1420; x_wconf 72' lang='lat' dir='ltr'>perfeffl</span> <span class='ocrx_word' id='word_1_99' title='bbox 1377 1343 1568 1422; x_wconf 84' lang='lat' dir='ltr'>operis</span> <span class='ocrx_word' id='word_1_100' title='bbox 1623 1339 1878 1422; x_wconf 86' lang='lat' dir='ltr'>impedi-</span> 
     </span>
     <span class='ocr_line' id='line_1_15' title="bbox 512 1435 938 1483; baseline -0.014 1"><span class='ocrx_word' id='word_1_101' title='bbox 512 1435 779 1483; x_wconf 80' lang='lat' dir='ltr'>mentum</span> <span class='ocrx_word' id='word_1_102' title='bbox 816 1436 905 1479; x_wconf 77' lang='lat' dir='ltr'>sit.</span> <span class='ocrx_word' id='word_1_103' title='bbox 926 1454 938 1459; x_wconf 93' lang='lat'>-</span> 
     </span>
    </p>

    <p class='ocr_par' dir='ltr' id='par_1_4' title="bbox 516 1498 1880 1975">
     <span class='ocr_line' id='line_1_16' title="bbox 594 1498 1878 1563; baseline 0 0"><span class='ocrx_word' id='word_1_104' title='bbox 594 1498 826 1563; x_wconf 88' lang='lat' dir='ltr'>XVIII.</span> <span class='ocrx_word' id='word_1_105' title='bbox 868 1498 1104 1559; x_wconf 84' lang='lat' dir='ltr'>Transit</span> <span class='ocrx_word' id='word_1_106' title='bbox 1133 1499 1436 1563; x_wconf 85' lang='lat' dir='ltr'>admiratio</span> <span class='ocrx_word' id='word_1_107' title='bbox 1471 1522 1506 1561; x_wconf 88' lang='lat' dir='ltr'>a</span> <span class='ocrx_word' id='word_1_108' title='bbox 1537 1502 1878 1563; x_wconf 79' lang='lat' dir='ltr'>conditione</span> 
     </span>
     <span class='ocr_line' id='line_1_17' title="bbox 518 1580 1880 1665; baseline -0.001 -20"><span class='ocrx_word' id='word_1_109' title='bbox 518 1600 853 1665; x_wconf 82' lang='lat' dir='ltr'>temporum</span> <span class='ocrx_word' id='word_1_110' title='bbox 876 1624 895 1653; x_wconf 90' lang='lat'>‚</span> <span class='ocrx_word' id='word_1_111' title='bbox 943 1580 1009 1641; x_wconf 86' lang='lat'>&amp;</span> <span class='ocrx_word' id='word_1_112' title='bbox 1043 1580 1120 1643; x_wconf 79' lang='lat' dir='ltr'>ad</span> <span class='ocrx_word' id='word_1_113' title='bbox 1148 1582 1396 1643; x_wconf 86' lang='lat' dir='ltr'>urbium.</span> <span class='ocrx_word' id='word_1_114' title='bbox 1433 1582 1568 1645; x_wconf 83' lang='lat' dir='ltr'>Una</span> <span class='ocrx_word' id='word_1_115' title='bbox 1597 1582 1734 1643; x_wconf 86' lang='lat' dir='ltr'>urbs</span> <span class='ocrx_word' id='word_1_116' title='bbox 1759 1582 1880 1643; x_wconf 84' lang='lat' dir='ltr'>At-</span> 
     </span>
     <span class='ocr_line' id='line_1_18' title="bbox 518 1660 1880 1746; baseline -0.003 -19"><span class='ocrx_word' id='word_1_117' title='bbox 518 1669 631 1727; x_wconf 88' lang='lat' dir='ltr'>tica</span> <span class='ocrx_word' id='word_1_118' title='bbox 662 1660 916 1746; x_wconf 75' lang='lat' dir='ltr'>pluribus</span> <span class='ocrx_word' id='word_1_119' title='bbox 948 1663 1111 1723; x_wconf 80' lang='lat' dir='ltr'>annis</span> <span class='ocrx_word' id='word_1_120' title='bbox 1145 1662 1477 1744; x_wconf 66' lang='lat' dir='ltr'>eloquentia</span> <span class='ocrx_word' id='word_1_121' title='bbox 1497 1706 1519 1739; x_wconf 83' lang='lat'>‚</span> <span class='ocrx_word' id='word_1_122' title='bbox 1547 1662 1719 1746; x_wconf 70' lang='lat' dir='ltr'>quarn</span> <span class='ocrx_word' id='word_1_123' title='bbox 1751 1666 1880 1723; x_wconf 79' lang='lat' dir='ltr'>uni-</span> 
     </span>
     <span class='ocr_line' id='line_1_19' title="bbox 519 1740 1878 1826; baseline -0.001 -18"><span class='ocrx_word' id='word_1_124' title='bbox 519 1744 686 1808; x_wconf 82' lang='lat' dir='ltr'>versa</span> <span class='ocrx_word' id='word_1_125' title='bbox 710 1740 969 1813; x_wconf 76' lang='lat' dir='ltr'>Graecia,</span> <span class='ocrx_word' id='word_1_126' title='bbox 996 1741 1338 1826; x_wconf 75' lang='lat' dir='ltr'>uberiusque</span> <span class='ocrx_word' id='word_1_127' title='bbox 1367 1744 1598 1819; x_wconf 89' lang='lat' dir='ltr'>floruit;</span> <span class='ocrx_word' id='word_1_128' title='bbox 1628 1744 1778 1805; x_wconf 89' lang='lat' dir='ltr'>adeo</span> <span class='ocrx_word' id='word_1_129' title='bbox 1807 1763 1878 1807; x_wconf 80' lang='lat' dir='ltr'>ut</span> 
     </span>
     <span class='ocr_line' id='line_1_20' title="bbox 522 1822 1878 1907; baseline 0.001 -22"><span class='ocrx_word' id='word_1_130' title='bbox 522 1843 771 1907; x_wconf 86' lang='lat' dir='ltr'>corpora</span> <span class='ocrx_word' id='word_1_131' title='bbox 802 1824 985 1903; x_wconf 86' lang='lat' dir='ltr'>gentis</span> <span class='ocrx_word' id='word_1_132' title='bbox 1020 1822 1173 1881; x_wconf 84' lang='lat' dir='ltr'>illius</span> <span class='ocrx_word' id='word_1_133' title='bbox 1211 1822 1462 1905; x_wconf 81' lang='lat' dir='ltr'>separata</span> <span class='ocrx_word' id='word_1_134' title='bbox 1495 1827 1608 1885; x_wconf 85' lang='lat' dir='ltr'>sint</span> <span class='ocrx_word' id='word_1_135' title='bbox 1645 1826 1704 1885; x_wconf 88' lang='lat' dir='ltr'>in</span> <span class='ocrx_word' id='word_1_136' title='bbox 1739 1825 1878 1887; x_wconf 81' lang='lat' dir='ltr'>alias</span> 
     </span>
     <span class='ocr_line' id='line_1_21' title="bbox 516 1903 1878 1975; baseline 0.001 -9"><span class='ocrx_word' id='word_1_137' title='bbox 516 1908 781 1971; x_wconf 75' lang='lat' dir='ltr'>civitates</span> <span class='ocrx_word' id='word_1_138' title='bbox 799 1945 818 1975; x_wconf 87' lang='lat'><strong>‚</strong></span> <span class='ocrx_word' id='word_1_139' title='bbox 842 1903 900 1961; x_wconf 85' lang='lat' dir='ltr'>in</span> <span class='ocrx_word' id='word_1_140' title='bbox 942 1903 1069 1963; x_wconf 86' lang='lat' dir='ltr'>enia</span> <span class='ocrx_word' id='word_1_141' title='bbox 1096 1904 1241 1964; x_wconf 76' lang='lat' dir='ltr'>verb</span> <span class='ocrx_word' id='word_1_142' title='bbox 1273 1904 1406 1965; x_wconf 86' lang='lat' dir='ltr'>solis</span> <span class='ocrx_word' id='word_1_143' title='bbox 1432 1905 1878 1969; x_wconf 83' lang='lat' dir='ltr'>Atheniensium</span> 
     </span>
    </p>
   </div>
   <div class='ocr_carea' id='block_1_3' title="bbox 521 1980 1930 2070">
    <p class='ocr_par' dir='ltr' id='par_1_5' title="bbox 521 1980 1930 2070">
     <span class='ocr_line' id='line_1_22' title="bbox 521 1980 1930 2070; baseline 0 -22"><span class='ocrx_word' id='word_1_144' title='bbox 521 1989 700 2049; x_wconf 86' lang='lat' dir='ltr'>muris</span> <span class='ocrx_word' id='word_1_145' title='bbox 751 1983 877 2043; x_wconf 89' lang='lat' dir='ltr'>clau</span> <span class='ocrx_word' id='word_1_146' title='bbox 901 2003 934 2041; x_wconf 87' lang='lat' dir='ltr'>a</span> <span class='ocrx_word' id='word_1_147' title='bbox 982 1980 1290 2046; x_wconf 73' lang='lat' dir='ltr'>existimeS.</span> <span class='ocrx_word' id='word_1_148' title='bbox 1342 1984 1551 2070; x_wconf 90' lang='lat' dir='ltr'>Neque</span> <span class='ocrx_word' id='word_1_149' title='bbox 1599 2006 1711 2069; x_wconf 87' lang='lat' dir='ltr'>ego</span> <span class='ocrx_word' id='word_1_150' title='bbox 1759 1988 1880 2049; x_wconf 86' lang='lat' dir='ltr'>hoc</span> <span class='ocrx_word' id='word_1_151' title='bbox 1926 2039 1930 2041; x_wconf 92' lang='lat'>.</span> 
     </span>
    </p>
   </div>
   <div class='ocr_carea' id='block_1_4' title="bbox 476 2064 1881 2697">
    <p class='ocr_par' dir='ltr' id='par_1_6' title="bbox 476 2064 1881 2387">
     <span class='ocr_line' id='line_1_23' title="bbox 521 2064 1881 2149; baseline 0.003 -24"><span class='ocrx_word' id='word_1_152' title='bbox 521 2070 701 2149; x_wconf 84' lang='lat' dir='ltr'>magis</span> <span class='ocrx_word' id='word_1_153' title='bbox 740 2067 973 2125; x_wconf 85' lang='lat' dir='ltr'>miratus</span> <span class='ocrx_word' id='word_1_154' title='bbox 1016 2064 1128 2125; x_wconf 85' lang='lat' dir='ltr'>sim</span> <span class='ocrx_word' id='word_1_155' title='bbox 1155 2106 1176 2136; x_wconf 86' lang='lat'><strong>,</strong></span> <span class='ocrx_word' id='word_1_156' title='bbox 1219 2064 1391 2147; x_wconf 72' lang='lat' dir='ltr'>quam</span> <span class='ocrx_word' id='word_1_157' title='bbox 1429 2068 1725 2128; x_wconf 85' lang='lat' dir='ltr'>neminem</span> <span class='ocrx_word' id='word_1_158' title='bbox 1761 2068 1881 2129; x_wconf 83' lang='lat' dir='ltr'>Ar·-</span> 
     </span>
     <span class='ocr_line' id='line_1_24' title="bbox 522 2142 1880 2232; baseline 0 -23"><span class='ocrx_word' id='word_1_159' title='bbox 522 2152 721 2232; x_wconf 86' lang='lat' dir='ltr'>givum</span> <span class='ocrx_word' id='word_1_160' title='bbox 742 2188 763 2218; x_wconf 85' lang='lat'><strong>,</strong></span> <span class='ocrx_word' id='word_1_161' title='bbox 789 2142 1138 2205; x_wconf 85' lang='lat' dir='ltr'>Thebanum</span> <span class='ocrx_word' id='word_1_162' title='bbox 1161 2188 1182 2219; x_wconf 89' lang='lat'><strong>,</strong></span> <span class='ocrx_word' id='word_1_163' title='bbox 1207 2144 1710 2209; x_wconf 77' lang='lat' dir='ltr'>Lacedaemonium</span> <span class='ocrx_word' id='word_1_164' title='bbox 1741 2171 1880 2209; x_wconf 89' lang='lat' dir='ltr'>ora-</span> 
     </span>
     <span class='ocr_line' id='line_1_25' title="bbox 476 2225 1878 2311; baseline 0.001 -21"><span class='ocrx_word' id='word_1_165' title='bbox 476 2292 485 2301; x_wconf 75' lang='grc'>,</span> <span class='ocrx_word' id='word_1_166' title='bbox 520 2248 715 2291; x_wconf 90' lang='lat' dir='ltr'>torem</span> <span class='ocrx_word' id='word_1_167' title='bbox 740 2242 837 2287; x_wconf 86' lang='lat' dir='ltr'>aut</span> <span class='ocrx_word' id='word_1_168' title='bbox 865 2225 1004 2285; x_wconf 86' lang='lat' dir='ltr'>dum</span> <span class='ocrx_word' id='word_1_169' title='bbox 1036 2227 1180 2287; x_wconf 82' lang='lat' dir='ltr'>vixit</span> <span class='ocrx_word' id='word_1_170' title='bbox 1206 2226 1538 2289; x_wconf 58' lang='lat' dir='ltr'>auiioritate</span> <span class='ocrx_word' id='word_1_171' title='bbox 1559 2274 1578 2301; x_wconf 92' lang='lat'>‚</span> <span class='ocrx_word' id='word_1_172' title='bbox 1609 2245 1708 2289; x_wconf 89' lang='lat' dir='ltr'>aut</span> <span class='ocrx_word' id='word_1_173' title='bbox 1741 2230 1878 2311; x_wconf 88' lang='lat' dir='ltr'>post</span> 
     </span>
     <span class='ocr_line' id='line_1_26' title="bbox 516 2306 1876 2387; baseline -0.001 -16"><span class='ocrx_word' id='word_1_174' title='bbox 516 2326 775 2371; x_wconf 85' lang='lat' dir='ltr'>mortem</span> <span class='ocrx_word' id='word_1_175' title='bbox 816 2307 1100 2367; x_wconf 68' lang='lat' dir='ltr'>memoria</span> <span class='ocrx_word' id='word_1_176' title='bbox 1149 2306 1388 2387; x_wconf 86' lang='lat' dir='ltr'>dignum</span> <span class='ocrx_word' id='word_1_177' title='bbox 1435 2308 1822 2370; x_wconf 83' lang='lat' dir='ltr'>existimatum</span> <span class='ocrx_word' id='word_1_178' title='bbox 1860 2333 1876 2371; x_wconf 72' lang='grc' dir='ltr'>ι</span> 
     </span>
    </p>

    <p class='ocr_par' dir='ltr' id='par_1_7' title="bbox 520 2385 1880 2697">
     <span class='ocr_line' id='line_1_27' title="bbox 566 2385 1880 2461; baseline -0.001 -10"><span class='ocrx_word' id='word_1_179' title='bbox 566 2413 655 2451; x_wconf 82' lang='lat' dir='ltr'>uae</span> <span class='ocrx_word' id='word_1_180' title='bbox 688 2386 862 2449; x_wconf 88' lang='lat' dir='ltr'>urbes</span> <span class='ocrx_word' id='word_1_181' title='bbox 889 2428 909 2457; x_wconf 90' lang='lat'>,</span> <span class='ocrx_word' id='word_1_182' title='bbox 950 2385 1017 2445; x_wconf 86' lang='lat'>&amp;</span> <span class='ocrx_word' id='word_1_183' title='bbox 1064 2386 1263 2447; x_wconf 84' lang='lat' dir='ltr'>multae</span> <span class='ocrx_word' id='word_1_184' title='bbox 1307 2390 1432 2449; x_wconf 84' lang='lat' dir='ltr'>aliae</span> <span class='ocrx_word' id='word_1_185' title='bbox 1457 2434 1476 2461; x_wconf 92' lang='lat'>,</span> <span class='ocrx_word' id='word_1_186' title='bbox 1513 2390 1714 2449; x_wconf 88' lang='lat' dir='ltr'>talium</span> <span class='ocrx_word' id='word_1_187' title='bbox 1755 2389 1880 2451; x_wconf 91' lang='lat' dir='ltr'>stu—</span> 
     </span>
     <span class='ocr_line' id='line_1_28' title="bbox 520 2413 1880 2539; baseline 0.001 -9"><span class='ocrx_word' id='word_1_188' title='bbox 520 2413 753 2530; x_wconf 51' lang='lat' dir='ltr'>diorum</span> <span class='ocrx_word' id='word_1_189' title='bbox 784 2466 943 2525; x_wconf 87' lang='lat' dir='ltr'>fuere</span> <span class='ocrx_word' id='word_1_190' title='bbox 976 2460 1194 2526; x_wconf 83' lang='lat' dir='ltr'>steriles</span> <span class='ocrx_word' id='word_1_191' title='bbox 1224 2509 1248 2539; x_wconf 87' lang='lat'><strong>,</strong></span> <span class='ocrx_word' id='word_1_192' title='bbox 1289 2472 1398 2529; x_wconf 89' lang='lat' dir='ltr'>nisi</span> <span class='ocrx_word' id='word_1_193' title='bbox 1429 2470 1664 2530; x_wconf 88' lang='lat' dir='ltr'>Thebas</span> <span class='ocrx_word' id='word_1_194' title='bbox 1695 2492 1880 2531; x_wconf 85' lang='lat' dir='ltr'>unum</span> 
     </span>
     <span class='ocr_line' id='line_1_29' title="bbox 521 2542 1880 2622; baseline -0.007 -12"><span class='ocrx_word' id='word_1_195' title='bbox 521 2571 595 2611; x_wconf 83' lang='lat' dir='ltr'>os</span> <span class='ocrx_word' id='word_1_196' title='bbox 623 2547 850 2609; x_wconf 85' lang='lat' dir='ltr'>Pindari</span> <span class='ocrx_word' id='word_1_197' title='bbox 880 2542 1262 2622; x_wconf 84' lang='lat' dir='ltr'>illuminaret3</span> <span class='ocrx_word' id='word_1_198' title='bbox 1297 2571 1432 2612; x_wconf 88' lang='lat' dir='ltr'>nam</span> <span class='ocrx_word' id='word_1_199' title='bbox 1461 2546 1742 2613; x_wconf 82' lang='lat' dir='ltr'>Alcmana</span> <span class='ocrx_word' id='word_1_200' title='bbox 1773 2552 1880 2613; x_wconf 87' lang='lat' dir='ltr'>La.</span> 
     </span>
     <span class='ocr_line' id='line_1_30' title="bbox 520 2623 1364 2697; baseline 0.004 -4"><span class='ocrx_word' id='word_1_201' title='bbox 520 2649 703 2693; x_wconf 77' lang='lat' dir='ltr'>eones</span> <span class='ocrx_word' id='word_1_202' title='bbox 738 2624 883 2691; x_wconf 66' lang='lat' dir='ltr'>falsi)</span> <span class='ocrx_word' id='word_1_203' title='bbox 918 2623 1025 2689; x_wconf 80' lang='lat' dir='ltr'>sibi</span> <span class='ocrx_word' id='word_1_204' title='bbox 1058 2627 1364 2697; x_wconf 82' lang='lat' dir='ltr'>vindicant.</span> 
     </span>
    </p>
   </div>
   <div class='ocr_carea' id='block_1_5' title="bbox 1579 2796 1879 2860">
    <p class='ocr_par' dir='ltr' id='par_1_8' title="bbox 1579 2796 1879 2860">
     <span class='ocr_line' id='line_1_31' title="bbox 1579 2796 1879 2860; baseline 0.007 -2"><span class='ocrx_word' id='word_1_205' title='bbox 1579 2796 1879 2860; x_wconf 83' lang='lat' dir='ltr'>LIBER</span> 
     </span>
    </p>
   </div>
   <div class='ocr_carea' id='block_1_6' title="bbox 2013 192 2016 355">
    <p class='ocr_par' dir='ltr' id='par_1_9' title="bbox 2013 176 2016 385">
     <span class='ocr_line' id='line_1_32' title="bbox 2013 192 2016 355; baseline 0 30"><span class='ocrx_word' id='word_1_206' title='bbox 2013 192 2016 355; x_wconf 80' lang='grc'>1</span> 
     </span>
    </p>
   </div>
  </div>
 </body>
</html>
