2067 3667
462 266 596 368 158
745 271 821 340 L.
870 271 1239 342 ANNAEt
1287 272 1600 341 FLont

450 389 672 452 ferebat
694 435 713 465 ‚
736 393 797 450 in
822 390 988 451 vadis
1020 389 1182 450 haesit
1202 435 1224 462 ,
1247 389 1822 472 memorandumque

452 470 697 554 posteris
758 471 1092 554 exemplum
1145 471 1327 532 dedit.
1397 469 1642 551 Quippe
1675 465 1854 531 -vix'

450 552 610 612 mille
649 551 934 633 juvenum
972 573 1176 612 manus
1206 550 1602 627 „circumfusi
1635 552 1824 611 undi-

384 691 391 694 .
453 653 569 714 que
612 633 894 694 exercitiis
927 650 1032 715 per
1055 649 1256 694 0t0tum
1299 632 1456 692 diem
1499 633 1618 692 tela
1638 631 1829 710 'susti-

454 716 582 774 nuit
614 735 634 788 ;
683 715 747 776 &
786 734 965 794 quum
997 715 1218 774 exitum
1253 715 1435 774 virtus
1458 733 1598 795 ‘non
1629 711 1826 792 <habe-

454 811 543 854 ret
563 839 581 864 ,
632 809 823 854 tamen
878 814 952 854 ne
1004 796 1065 853 in
1119 793 1480 854 deditionem
1535 795 1763 854 veniret
1799 837 1824 868 ,

450 874 721 936 hortante
755 874 988 934 tribuno
1022 873 1266 934 Vulteio
1293 917 1312 947 ‚
1357 877 1570 934 mutuis
1611 873 1821 935 iffibus

452 954 517 1016 in
564 953 623 1016 se
660 956 1040 1016 concucurrit.
1077 953 1145 1014 In
1193 954 1392 1014 Africa
1428 975 1662 1036 quoque
1711 977 1822 1036 pat

454 1037 528 1098 δι
566 1039 746 1098 virtus
785 1037 851 1098 &
880 1035 1168 1097 calamitas
1203 1034 1479 1097 Curionis
1505 1034 1614 1096 fuit
1649 1058 1669 1110 3
1715 1037 1822 1116 qui

451 1116 529 1176 ad
570 1117 963 1198 recipiendam
1004 1118 1364 1198 provinciam
1403 1114 1596 1176 missus
1621 1159 1646 1190 ,
1720 1117 1820 1176 ul-

454 1195 520 1257 so
565 1195 627 1257 fu
666 1217 879 1280 atoque
912 1197 1078 1256 Varo
1120 1195 1234 1277 jam
1275 1195 1548 1278 superbus
1591 1239 1613 1268 ‚
1660 1137 1823 1257 {Ebi-

452 1293 579 1337 tum
644 1279 773 1338 ubae
800 1279 951 1360 regis
993 1278 1308 1359 adventum
1323 1319 1344 1350 ,
1376 1279 1694 1359 equitatum
1741 1297 1818 1338 ue

451 1355 797 1420 Maurorum
834 1357 1104 1418 sustinere
1147 1379 1268 1418 non
1321 1358 1545 1439 potuit..
1572 1357 1713 1418 Pate
1759 1375 1822 1418 at

454 1436 609 1498 vicio
664 1437 843 1522 fuga,
884 1437 983 1498 sed
1034 1438 1226 1519 pudor
1272 1435 1444 1501 suasit
1476 1481 1496 1510 ‚
1537 1454 1602 1498 ut
1643 1437 1822 1500 amis-

454 1516 579 1578 sum
624 1517 723 1580 sua
770 1520 1096 1580 temeritate
1141 1521 1462 1579 exercitum
1493 1539 1685 1578 morte
1725 1517 1824 1580 se·

496 1619 745 1661 ueretur.
784 1597 903 1660 Sed
952 1597 1070 1680 jam
1123 1599 1388 1660 debitum
1437 1620 1540 1680 par
1579 1597 1820 1661 fortuna

454 1621 745 1762 zagitante
770 1725 791 1755 ‚
820 1680 1017 1740 sedem
1052 1679 1210 1741 bello
1237 1679 1551 1760 Pompeius
1587 1679 1816 1762 Epiron

456 1759 709 1844 elegerat
737 1783 753 1821 ι
792 1782 899 1821 nec
932 1759 1125 1822 Caesar
1155 1777 1430 1820 moratur.
1449 1759 1694 1842 Quippe
1715 1784 1820 1822 or·-

454 1841 660 1900 dinatis
686 1863 721 1900 a
754 1856 841 1900 ter
882 1863 919 1900 o
952 1836 1224 1900 omnibus
1245 1884 1266 1914 ‚
1345 1844 1568 1900 uamvis
1595 1841 1814 1922 hyems

451 1921 645 1981 media
677 1922 845 2002 probi
888 1937 1052 1993 eret,
1101 1940 1224 1981 tem
1269 1863 1444 1982 eaate
1483 1921 1554 1980 ad
1593 1922 1820 1984 bellum

451 2004 743 2084 navigavit
775 2024 796 2076 3
830 2001 1139 2084 positisque
1175 2023 1207 2062 a
1285 1999 1536 2062 Oricum
1574 2001 1773 2062 castris
1795 2049 1818 2078 ,

452 2103 632 2164 quum
653 2103 799 2163 pars
828 2083 1110 2143 exercitiis
1128 2127 1152 2155 ‚
1181 2082 1262 2144 oh
1287 2084 1542 2164 inopiam
1573 2087 1820 2145 navium

455 2184 591 2222 cum
638 2162 903 2224 Antonio
956 2163 1152 2223 reliaa
1185 2207 1204 2236 ‚
1255 2163 1540 2223 Brundisii
1581 2185 1817 2225 moram

451 2243 669 2304 faceret
708 2267 725 2318 3
768 2245 919 2305 adeo
962 2247 1266 2323 impatiens
1303 2261 1424 2304 erat
1447 2289 1467 2317 ‚
1507 2260 1572 2302 ut
1611 2245 1684 2304 ad
1717 2267 1819 2305 ar-

454 2323 757 2384 ceffendos
792 2344 895 2386 eos
921 2369 941 2398 ,
972 2325 1208 2386 ardente
1242 2327 1432 2386 ventis
1461 2327 1648 2396 mari,
1669 2347 1811 2386 noc·

449 2421 545 2463 te·
572 2405 857 2464 concubia
892 2447 911 2476 ‚
966 2404 1346 2486 speculatorio
1395 2407 1628 2486 navigio
1648 2451 1671 2478 ‚
1711 2405 1817 2466 so·-

452 2485 543 2544 lus
596 2487 679 2544 ire
728 2487 1061 2558 tentaverim,
1107 2484 1300 2546 Exstat
1361 2487 1435 2546 ad
1503 2487 1804 2566 trepidum

451 2581 616 2625 tanto
672 2563 990 2624 discrimine
1049 2567 1492 2648 gubernatorem
1539 2587 1662 2626 vox
1716 2569 1818 2648 ip-

454 2648 567 2704 sius
604 2667 620 2705 :
672 2649 831 2725 Quid
866 2649 1021 2706 titnes
1059 2650 1092 2706 ?
1141 2647 1390 2726 Caefizrem
1428 2649 1601 2708 vehis.
1641 2645 1816 2708 Con·

454 2724 643 2788 traam
678 2729 739 2793 iu
778 2747 955 2789 unum
990 2727 1262 2793 omnibus
1291 2729 1770 2820 undiquencopiis
1786 2771 1813 2806 ‚

1057 2958 1090 2984 κ
