2067 3667
538 325 595 396 L
641 342 679 398 1
728 345 781 398 Β
834 347 883 398 ε
935 347 987 398 ιι
1087 329 1222 402 Ι,Ι.
1452 347 1557 420 v‘77

219 481 227 488 .
825 469 921 544 aaa
1061 492 1066 494 ,
1199 486 1206 490 .

533 595 963 669 CAPUT
1061 565 1224 666 xn

272 740 664 797 BELLUM
736 738 1494 797 GALLOGRAECUM.

205 859 826 972 GALLOGRAECIAM
861 925 1096 986 quoque
1123 903 1388 986 Syriatici
1415 905 1560 966 belli

196 990 361 1048 ruina
387 987 709 1051 convolvit.
728 985 961 1045 Fuerint
990 988 1140 1045 inter
1167 987 1372 1060 auxilia
1401 990 1555 1068 tegis

199 1068 481 1128 Antiochi
518 1111 538 1140 ‚
568 1087 639 1125 an
676 1063 835 1124 fuiffe
866 1111 882 1134 ,
914 1086 979 1123 ac
1015 1066 1256 1144 cupidus
1280 1067 1554 1146 triumphi

200 1148 454 1209 Manlius
474 1168 577 1208 eos
596 1145 748 1206 visos
774 1145 1160 1214 simulaverit,
1189 1145 1428 1212 dubium
1451 1141 1557 1207 est.

203 1227 383 1290 Certe
418 1244 653 1310 negatus
690 1224 770 1286 est
802 1223 1003 1286 mermi
1033 1226 1392 1306 triumphus;
1421 1229 1558 1308 quia

204 1305 427 1370 causam
486 1307 625 1367 belli
676 1323 793 1365 non
854 1305 1215 1386 approbavit.
1273 1304 1554 1368 Ceterum

202 1410 343 1472 gens
368 1385 881 1469 Gallo-graecorum
900 1431 919 1460 ,
950 1388 1093 1446 sicut
1122 1385 1305 1467 ipsum
1336 1409 1556 1449 nomen

200 1470 415 1531 indicio
452 1463 575 1539 est,
606 1469 781 1528 mixta
816 1467 880 1528 &
916 1467 1267 1539 adulterata,
1299 1466 1558 1548 reliquiae

203 1547 505 1610 Gallorum
534 1593 553 1622 ,
592 1551 693 1632 qui
737 1546 973 1606 Brenno
1016 1544 1160 1606 duce
1200 1547 1560 1610 vastaverant

205 1629 499 1690 Graeciam
539 1649 555 1688 ε
612 1647 753 1688 mox
803 1623 1116 1701 Orientem
1167 1623 1440 1707 sequuti,
1492 1626 1559 1687 in

206 1709 399 1771 media
430 1707 586 1767 Asiae
620 1724 781 1788 parte
816 1704 1103 1766 sederunt.
1131 1699 1330 1788 Itaque
1353 1723 1413 1767 ut
1435 1705 1560 1769 fru-

250 1809 347 1850 um
382 1787 598 1848 semina
635 1802 855 1848 mutato
888 1784 1012 1846 solo
1051 1786 1433 1868 degenerant,
1475 1789 1558 1849 sic

204 1811 299 1932 fila
326 1871 568 1952 genuina
597 1865 789 1929 feritas
822 1888 1023 1928 eorum
1047 1912 1065 1942 ,
1095 1867 1348 1930 Asiatica
1377 1889 1560 1928 arnoe-

204 1955 379 2012 nitate
418 1949 639 2010 mollita
676 1947 775 2010 est.
814 1947 1066 2010 Duobus
1103 1951 1293 2031 itaque
1337 1951 1563 2030 proeliis

188 2031 319 2108 ‘fusi
354 2031 527 2113 fugati
572 2052 644 2090 ue
677 2029 843 2102 sunt,
873 2032 1134 2111 quamvis
1166 2028 1265 2088 sub
1303 2031 1560 2091 adventu

206 2111 385 2174 hostis
436 2052 641 2176 relicgiis
691 2109 916 2170 sedibus
965 2155 983 2182 ‚
1026 2113 1087 2169 in
1136 2111 1445 2170 altissimos
1495 2109 1555 2170 se

207 2211 439 2254 montes
482 2189 821 2274 recepissem
854 2233 876 2261 ‚
965 2211 1072 2248 uos
1120 2188 1511 2271 Tolostobogi
1537 2234 1565 2264 ,

206 2271 507 2355 Te&osagi
551 2293 622 2331 ue
654 2270 769 2350 iam
794 2211 1130 2330 insefferant.
1157 2269 1404 2352 Utrique
1430 2269 1566 2328 fun-

208 2355 296 2414 dis
334 2294 549 2436 sagitti?
580 2373 651 2412 ue
692 2349 839 2421 affl,
874 2352 933 2410 in
976 2367 1314 2431 perpetuam
1359 2347 1415 2409 se
1457 2372 1560 2430 pa·-

209 2455 343 2495 cem
400 2375 763 2494 dediflerunt.
830 2427 948 2492 Sed
1006 2431 1220 2514 alligari
1282 2430 1565 2492 miraculo

210 2515 465 2596 quodam
511 2513 671 2574 fuere
700 2556 722 2586 ,
765 2533 943 2594 quum
994 2531 1222 2572 catenas
1269 2511 1556 2572 morsibus

210 2597 277 2658 &
312 2617 414 2656 ore
444 2593 742 2656 tentassent
762 2638 783 2668 ,
860 2614 997 2655 uum
1031 2591 1371 2653 offocandas
1406 2593 1560 2652 invi-

208 2697 341 2738 cem
371 2676 564 2737 fauces
596 2674 809 2756 praebui
857 2690 971 2732 ent.
1004 2671 1157 2732 Nam
1184 2671 1566 2753 Orgiagontis·

209 2759 361 2840 regis
411 2779 555 2820 uxor
602 2777 637 2816 a
682 2755 1009 2817 centurione
1046 2751 1302 2834 stuprum
1359 2751 1504 2832 paffa
1533 2793 1565 2828 ,.
1605 2799 1608 2802 .

1210 2831 1436 2914 D3·
