2067 3667
494 307 629 374 142
731 286 802 353 C.
855 288 1117 352 VELL.
1167 284 1571 353 PATEnc.

479 425 553 464 ac
601 404 829 464 decreta
869 402 1136 482 patravit.
1180 398 1468 482 Oppressi
1510 401 1669 459 cives
1708 398 1838 461 Ro-

485 487 682 557 mani,
715 482 976 543 trucidati
1005 484 1393 564 negotiatores
1418 502 1438 553 ;
1464 500 1701 561 magnus
1735 502 1838 542 ve-

485 564 836 624 xillariorum
889 583 1163 625 numerus
1212 561 1286 621 ad
1334 563 1788 623 internecionem
1816 606 1836 636 ‚

485 664 557 704 ea
583 646 642 703 in
679 646 915 725 regione
949 665 1079 724 quae
1124 643 1435 725 plurimum
1472 640 1543 701 ab
1587 641 1836 723 impera-

484 741 616 785 tore
651 724 847 785 aberat
866 744 904 797 ‚⁸
921 721 1096 785 caesus
1129 744 1151 796 3
1185 739 1463 804 occupata
1498 724 1670 782 armis
1708 722 1839 781 Ma-

471 805 732 865 cedonia
758 825 782 879 3
815 807 1010 865 omnia
1041 806 1106 864 δι
1139 805 1197 863 in
1232 802 1501 864 omnibus
1540 801 1685 863 locis
1719 804 1837 893 igni

484 884 757 966 ferroque
789 883 1002 944 vastata
1022 906 1042 944 t
1070 883 1209 965 quin
1242 899 1430 945 tantus
1465 884 1637 945 etiam
1669 882 1835 963 hujus

483 966 628 1025 belli
678 982 866 1025 metus
911 964 1018 1025 fuit
1048 1006 1067 1036 ,
1108 982 1175 1025 ut
1219 962 1478 1024 stabilem
1522 961 1681 1025 illum
1703 1009 1724 1038 ,
1768 964 1835 1025 &

481 1044 854 1106 obfirmatum
889 1062 1182 1107 tantorum
1209 1043 1500 1105 bellorum
1536 1046 1837 1126 experien-

481 1126 566 1185 tia
584 1170 606 1198 ,
641 1124 875 1187 Caesaris
905 1124 1152 1209 Augusti
1178 1128 1434 1187 animum
1464 1140 1725 1208 quateret
1752 1141 1835 1187 at-

481 1228 600 1289 que
633 1223 894 1267 terreret.

567 1286 745 1348 CXI.
789 1286 985 1347 Habiti
1017 1288 1209 1368 itaque
1249 1284 1502 1347 delectus
1520 1328 1540 1358 ‚
1573 1287 1833 1347 revocati

484 1366 738 1447 undique
772 1368 836 1427 &
866 1386 1071 1427 omnes
1103 1369 1400 1440 veterani,
1431 1369 1543 1426 viri
1578 1364 1833 1427 feminae·

483 1466 600 1527 que
637 1467 709 1507 ex
741 1445 910 1506 censu
944 1447 1271 1508 libertinum
1306 1445 1514 1507 coactae
1546 1446 1685 1507 dare
1720 1449 1832 1507 mi·

485 1527 666 1587 litem.
713 1525 927 1587 Audita
974 1529 1034 1586 in
1092 1526 1287 1587 senatu
1344 1548 1468 1589 vox
1514 1529 1783 1609 principis
1810 1572 1831 1603 ‚

485 1610 690 1667 decimo
733 1610 821 1669 die
844 1653 866 1680 ,
903 1610 964 1668 ni
1007 1624 1280 1668 caveretur
1300 1652 1320 1682 ‚
1356 1604 1503 1688 poffi
1541 1610 1729 1690 hostem
1772 1611 1830 1669 in

483 1690 634 1747 urbis
663 1692 848 1749 Roma
887 1691 1064 1749 venire
1105 1688 1445 1770 conspeffum.
1486 1686 1832 1749 Senatorum
1858 1718 1871 1729 ν

487 1772 854 1849 equitumque
879 1767 1279 1829 Romanorum
1296 1767 1515 1843 ‘exactae
1536 1769 1609 1829 ad
1630 1767 1833 1828 id-bel·

387 1864 392 1871 '
485 1848 605 1911 lum
643 1869 838 1927 operae
882 1847 1168 1929 pollicita.
1212 1846 1428 1909 Omnia
1466 1850 1590 1909 haec
1630 1846 1832 1909 frustra

451 1948 600 2006 -prae
642 1926 938 1987 araffemus
976 1972 995 2001 ,
1045 1928 1151 1989 nisi
1189 1970 1215 1999 ,
1259 1930 1358 2010 qui
1410 1928 1506 1988 illa
1550 1948 1613 1988 re
1654 1946 1780 1989 eret
1806 1974 1829 2002 ,

472 2007 564 2068 ,fui
611 2024 684 2067 et.
743 2006 940 2089 Itaque
975 2053 992 2077 ‚
1042 2025 1105 2067 ut
1195 2009 1481 2071 rat-‚sidium
1528 2010 1611 2069 mi
1634 2012 1778 2069 itum
1808 2052 1831 2083 ‚

483 2087 799 2169 respublica
834 2088 906 2149 ab
951 2089 1123 2171 Augu
1172 2110 1213 2151 o
1240 2088 1469 2149 ‘ducem
1505 2092 1565 2148 in
1611 2090 1831 2151 bellum

483 2167 750 2249 poposcit
774 2168 1098 2230 Tiberium.
1126 2168 1345 2231 Habuit
1366 2173 1423 2229 in
1452 2171 1566 2230 hoc
1593 2190 1831 2251 quoque

481 2250 640 2317 bello
677 2251 1045 2311 mediocritas
1082 2247 1271 2311 nostra
1312 2248 1553 2330 speciosi
1586 2250 1828 2309 ministri

481 2328 694 2389 locum.
735 2329 922 2391 Finita
953 2328 1203 2412 equestri
1234 2330 1432 2389 militia
1456 2374 1475 2403 ,
1505 2330 1827 2410 designatus

480 2408 730 2491 quaestor
755 2454 776 2481 ,
817 2410 1065 2469 necdum
1113 2409 1339 2469 senator
1376 2426 1626 2489 aequatus
1664 2407 1828 2470 sena—

481 2490 700 2550 toribus
718 2533 738 2563 ,
766 2490 934 2547 etiam
966 2489 1291 2571 designatus
1316 2489 1571 2549 tribunus
1605 2488 1825 2570 plebis,

480 2585 700 2649 partem
731 2569 1014 2630 exercitiis
1045 2570 1117 2628 ab
1142 2569 1303 2629 Urbe
1326 2614 1345 2640 ,
1372 2570 1561 2629 traditi
1596 2570 1667 2629 ab
1700 2570 1827 2630 Au·

521 2646 644 2709 usto
666 2694 685 2723 ,
710 2650 951 2730 perduxi
982 2649 1055 2710 ad
1080 2648 1262 2710 filium
1290 2648 1430 2728 ejus,
1454 2648 1520 2709 In
1548 2648 1824 2732 quaestura

480 2669 690 2792 {einde
712 2772 734 2803 ,
769 2728 989 2794 remiss‘ti
1023 2730 1175 2795 sorte
1211 2733 1524 2813 provincie
1553 2772 1575 2805 ,
1606 2731 1831 2827 legatus·
