2067 3667
576 302 665 381 5²
812 279 890 351 L.
940 280 1306 353 ANNAEI
1358 281 1660 351 onat

568 402 949 463 dimicaretur.
996 398 1198 480 Appio
1241 396 1488 459 Claudio
1531 396 1764 459 consule
1807 401 1930 481 pri-

566 480 729 544 mum
752 480 958 541 fretum
987 478 1257 561 ingressus
1289 478 1370 539 est
1401 480 1676 539 fabulosis
1711 480 1931 541 infame

566 561 834 625 monstris
859 606 877 634 ‚
919 561 1172 641 aestuque
1213 560 1536 621 violentum
1575 584 1590 621 ε
1631 560 1730 620 sed
1772 562 1930 623 adeo

565 666 688 704 non
713 640 794 703 est
820 647 1158 714 exterritus,
1183 659 1246 700 ut
1265 642 1419 701 illam
1445 641 1622 723 ipsam
1646 640 1928 717 ferventis

566 721 735 785 aestfis
767 721 1108 782 violentiam
1137 742 1247 804 pro
1283 742 1522 782 munere
1551 718 1930 801 ampleciere·

567 822 662 865 tur
705 825 720 865 ε
770 802 1074 885 statimque
1119 824 1184 863 ac
1228 804 1354 879 sine
1397 824 1561 862 mora
1598 802 1928 866 Hieronem

564 883 985 966 Syracusanum
1018 904 1218 964 regem
1247 884 1402 942 tanta
1425 883 1714 944 celeritate
1746 886 1928 953 vicit,

568 966 764 1037 mille
798 964 915 1046 ipse
950 963 1003 1023 se
1030 967 1186 1045 prius
1215 963 1427 1025 vifrum
1448 1008 1467 1035 ‚
1499 964 1672 1047 quam
1694 963 1928 1025 'hostem

566 1046 795 1107 videret
836 1088 855 1116 ,
898 1043 1192 1105 fateretur.
1255 1044 1476 1105 Duillio
1526 1043 1931 1126 Cornelioque

565 1125 897 1188 consulibus
924 1128 1098 1185 etiam
1127 1127 1270 1185 mari
1303 1126 1577 1207 congredi
1603 1124 1768 1185 ausus
1803 1124 1929 1198 est,

572 1225 755 1289 quum
782 1204 1017 1288 quidem
1056 1204 1174 1287 ipsa
1207 1206 1492 1267 velocitas
1527 1207 1722 1265 classis
1757 1228 1930 1266 com-

571 1307 779 1369 paratae
814 1286 1069 1347 viaoriae
1093 1284 1401 1369 auspicium
1431 1287 1554 1347 fuit.
1584 1286 1739 1347 Intra
1771 1290 1930 1347 enim

570 1366 993 1451 sexagesimum
1018 1369 1175 1427 diem
1193 1414 1208 1436 ,
1245 1367 1417 1449 quam
1444 1367 1584 1428 caesa
1611 1366 1776 1449 sylva
1796 1366 1931 1427 fue-

570 1466 702 1521 rat,
753 1467 986 1509 centum
1036 1446 1323 1528 sexaginta
1355 1451 1590 1509 navium
1634 1448 1826 1507 classis
1867 1449 1928 1509 in

572 1530 840 1589 anchoris
862 1527 1012 1589 stetit
1031 1550 1049 1601 ;
1073 1546 1136 1588 ut
1157 1550 1275 1589 non
1303 1546 1419 1589 arte
1439 1528 1596 1589 faaae
1615 1574 1638 1601 ,
1657 1528 1760 1589 sed
1783 1550 1930 1611 quo-

577 1611 714 1670 dam
752 1630 993 1670 munere
1034 1610 1277 1669 deorum
1315 1607 1606 1669 conversae
1649 1612 1708 1669 in
1747 1630 1928 1670 naves

576 1707 747 1772 atque
790 1708 1019 1751 mutatae
1066 1690 1298 1751 arbores
1336 1691 1690 1752 viderentur.
1735 1690 1930 1751 Proelii

576 1773 725 1832 vero
760 1770 950 1830 forma
985 1772 1253 1830 mirabilis
1289 1792 1306 1844 ;
1344 1792 1517 1853 quum
1555 1771 1672 1831 illas
1708 1770 1929 1831 celeres

576 1849 958 1934 volucresque
982 1850 1230 1911 hostium
1260 1873 1436 1911 naves
1467 1853 1554 1911 hae
1623 1872 1788 1911 raves
1812 1873 1932 1911 tar-

577 1932 783 2013 daeque
813 1932 1388 2012 comprehenderent.
1420 1932 1586 2014 Long
1654 1932 1762 1991 illis
1785 1954 1930 1992 nau-

574 2013 704 2073 ticae
736 2028 885 2072 artes
907 2058 927 2084 ,
954 2012 1119 2072 deter
1160 2034 1254 2072 ere
1291 2032 1483 2073 remos
1505 2058 1528 2085 ,
1557 2016 1622 2075 &
1649 2011 1931 2075 ludificari

579 2092 716 2175 fuga
753 2092 949 2152 rostra.
986 2092 1112 2170 Inje
1169 2115 1216 2152 ae
1252 2095 1404 2153 enim
1437 2092 1638 2154 ferreae
1674 2115 1882 2154 manus
1907 2140 1930 2170 ,

578 2172 975 2256 machinaeque
1011 2174 1131 2233 aliae
1145 2219 1168 2246 ,
1199 2191 1330 2234 ante
1364 2191 1652 2235 certamen
1683 2174 1932 2235 multum

579 2254 654 2313 ab
702 2253 862 2314 hoste
902 2252 1104 2315 derisae
1137 2274 1155 2327 3
1199 2254 1492 2337 coaffique
1531 2253 1724 2316 hostes
1849 2258 1932 2317 asi

580 2337 641 2394 in
674 2333 859 2395 solido
895 2336 1226 2401 decernere,
1253 2335 1456 2395 Vffior
1483 2355 1622 2430 ergo
1653 2276 1930 2417 apuZuLi-

578 2436 801 2498 paras,
842 2415 1031 2474 mersa
1075 2417 1139 2475 &
1185 2415 1377 2497 fugata
1418 2414 1668 2476 hostium
1713 2414 1882 2477 claffe
1907 2462 1929 2492 ‚

579 2498 829 2577 primum
852 2496 1013 2553 illum
1046 2498 1390 2555 maritimum
1413 2497 1534 2578 egit
1550 2498 1928 2577 triumphum.

576 2573 765 2654 Cujus
796 2575 953 2657 quod
984 2575 1252 2657 gaudium
1285 2574 1389 2638 fuit
1413 2577 1436 2638 ἓ
1463 2598 1639 2658 quum
1668 2576 1930 2639 Duillius

579 2658 889 2736 imperator
907 2700 925 2729 ,
952 2677 1070 2716 non
1091 2674 1395 2733 contentus
1413 2660 1578 2719 unius
1597 2658 1712 2718 diei
1729 2659 1932 2719 trium-

578 2738 703 2818 pho
724 2780 745 2811 ,
776 2758 881 2818 per
911 2740 1091 2803 vitam
1123 2758 1360 2805 omnem
1381 2784 1404 2818 ,
1437 2739 1538 2803 ubi
1570 2760 1604 2802 a
1635 2759 1804 2804 coena
1834 2759 1930 2804 re·
