2067 3667
572 305 663 384 50
810 284 882 355 C.
943 285 1214 352 szz.
1267 283 1678 352 ΡΑτειισ.

567 405 794 466 civibus
823 400 1214 466 infestissimus
1234 444 1255 474 ‚
1282 398 1599 483 quietisque
1620 400 1925 481 impatien-

565 488 835 547 tissimus.
860 484 929 545 In
959 480 1126 563 hujus
1149 482 1346 542 locum
1376 478 1634 542 suffectus
1656 480 1924 543 Valerius

562 565 803 628 Flaccus
839 567 1186 647 turpissimae
1223 564 1367 645 legis
1397 560 1591 623 auflor
1611 606 1632 633 ‚
1657 562 1772 643 qua
1802 582 1926 623 cre-

565 645 850 708 ditoribus
891 646 1266 729 quadrantem
1291 642 1434 706 solvi
1471 640 1694 723 jufferat
1717 665 1734 704 ε
1760 642 1922 724 cujus

563 726 699 788 facti
760 728 961 787 merita
1008 746 1145 786 eum
1196 745 1369 806 poena
1423 726 1573 785 intra
1623 723 1920 785 biennium

563 806 871 869 consecuta
914 804 1018 869 est.
1063 804 1424 867 Dominante
1466 806 1527 864 in
1574 802 1738 865 Italia
1774 802 1922 867 Cin-

562 888 640 949 na
664 934 683 961 ,
728 884 916 967 major
956 908 1087 968 pars
1134 886 1446 947 nobilitatis
1489 884 1562 945 ad
1609 882 1824 946 Sullam
1857 888 1919 947 in

562 968 849 1031 Achaiam
876 1012 896 1039 ‚
937 990 1003 1028 ac
1042 968 1252 1028 deinde
1288 964 1420 1047 pbst
1454 968 1512 1027 in
1549 964 1754 1027 Asiam
1788 988 1921 1049 per·

563 1048 627 1113 fu
670 1053 732 1111 ἐ.
762 1046 919 1111 Sulla
958 1050 1190 1109 interim
1223 1068 1356 1108 cum
1389 1046 1740 1107 Mithridatis
1771 1069 1918 1129 prae-

563 1071 725 1193 segis
754 1175 775 1201 ,
807 1133 957 1191 circa
974 1132 1240 1191 Athenas
1264 1127 1550 1189 Boeotiam
1593 1150 1666 1189 ue
1697 1130 1760 1191 δι
1786 1127 1918 1189 Ma-

562 1212 871 1274 cedoniam
898 1213 979 1271 ita
1003 1211 1303 1272 dimicavit
1320 1256 1342 1285 ,
1362 1226 1426 1271 ut
1455 1211 1521 1271 &
1604 1209 1800 1269 thenas
1825 1229 1920 1269 re-

562 1294 785 1374 ciperet
798 1336 817 1362 ,
839 1292 904 1353 &
919 1290 1173 1372 plurimo
1189 1292 1342 1351 circa
1359 1289 1705 1370 multiplices
1721 1288 1917 1352 Piraeei

564 1390 771 1455 portus
810 1374 1156 1433 munitiones
1195 1370 1395 1433 labore
1439 1372 1675 1454 expleto
1721 1416 1740 1443 ,
1794 1391 1918 1431 am-
1971 1387 1979 1395 ·

562 1453 717 1535 plius
753 1453 1000 1513 ducenta
1038 1451 1218 1513 millia
1246 1450 1496 1513 hostium
1530 1450 1911 1527 interficeret,

556 1554 671 1593 nec
707 1534 896 1595 minus
928 1534 1109 1595 multa
1141 1550 1396 1615 caperet.
1423 1531 1484 1593 Si
1521 1534 1648 1616 quis
1683 1534 1796 1595 hoc
1830 1553 1915 1593 re-

560 1614 816 1679 bellandi
843 1632 1078 1699 tempus
1097 1658 1120 1687 ,
1155 1634 1274 1697 quo
1297 1613 1546 1675 Athena».
1571 1630 1913 1697 oppugnata

562 1718 599 1756 a
633 1694 789 1757 Sulla
823 1693 949 1757 sunt
972 1740 993 1769 ,
1025 1698 1106 1757 im
1149 1710 1270 1757 utat
1298 1694 1748 1757 Atheniensibus
1768 1738 1790 1769 ‚
1825 1696 1911 1755 ni·

560 1780 773 1837 mirum
795 1779 921 1837 veri
947 1719 1352 1857 vetuifatisque
1372 1779 1596 1859 ignarus
1620 1774 1702 1836 est
1725 1775 1907 1836 :adeo

560 1858 719 1917 enim
752 1874 911 1917 certa
945 1855 1392 1919 Atheniensium
1421 1860 1479 1917 in
1507 1857 1808 1918 Romanos
1843 1854 1913 1916 fi-

560 1936 665 1997 des
702 1935 810 1997 fuit
832 1979 853 2009 ‚
889 1954 953 1997 ut
985 1936 1213 2019 semper
1245 1938 1314 1998 &
1347 1939 1406 1997 in
1439 1941 1602 1999 omni
1641 1958 1701 1997 te
1743 1938 1911 2020 quid-

606 2018 705 2078 uid
742 2017 963 2079 sincera
1006 2018 1126 2079 fide
1173 2024 1472 2101 gereretur'
1501 2062 1524 2092 ‚
1569 2019 1632 2080 id
1664 2018 1911 2079 Romani

556 2039 910 2161 Attica-fieri
932 2100 1326 2181 praedicarent.
1352 2097 1628 2161 Ceterum
1654 2117 1776 2159 tum
1799 2118 1911 2181 op-

558 2176 745 2263 pressi
764 2179 1134 2241 -Mithridatis
1165 2181 1339 2241 armis
1376 2180 1640 2243 homines
1668 2178 1909 2241 miserti·

557 2283 673 2323 mae
703 2262 1093 2331 conditionis,
1139 2282 1318 2343 quum
1351 2260 1423 2321 ab
1465 2263 1706 2323 inimicis
1744 2278 1909 2321 tene·

556 2361 755 2403 rentur
774 2385 797 2413 ,
821 2342 1299 2426 oppugnabantur
1331 2343 1406 2405 ab
1431 2345 1630 2406 amicis
1653 2364 1674 2417 3
1697 2343 1762 2403 &
1791 2343 1908 2401 ani-

558 2442 689 2483 mos
716 2439 875 2483 extra
896 2425 1111 2483 moenia
1129 2468 1148 2494 ,
1177 2443 1424 2505 corpora
1451 2424 1774 2485 necessitati
1799 2420 1906 2483 ser-

556 2504 786 2563 vientes
826 2503 971 2563 intra
1003 2524 1200 2565 muros
1235 2502 1534 2567 habebant.
1569 2501 1908 2585 Transgres-

559 2580 651 2643 sus
684 2582 893 2643 deinde
924 2585 984 2643 in
1005 2582 1212 2645 Asiam
1227 2583 1390 2645 Sulla
1405 2631 1426 2662 ,
1451 2603 1748 2667 parentem
1773 2602 1905 2645 ante

558 2665 752 2723 omnia
775 2706 794 2736 ,
834 2662 1264 2747 supplicemque
1314 2665 1690 2728 Mithridaten
1741 2668 1906 2729 inve·

552 2746 639 2811 nit
658 2766 680 2820 3
702 2763 877 2827 quein
910 2746 1212 2811 multatum
1245 2747 1490 2829 pecunia
1519 2768 1585 2809 ac
1610 2766 1778 2830 parte
1799 2768 1906 2811 na·
