2067 3667
587 265 677 335 2'6
751 274 754 279 ’
843 260 912 331 C.
971 264 1236 331 VELL.
1288 261 1673 331 Para-Rc}

579 384 720 465 priae
759 377 1075 460 juventutis
1118 382 1402 453 armavit3
1445 378 1542 439 sed
1580 378 1683 440 vel
1720 377 1924 443 ferocia

578 464 838 543 ingenii,
887 461 983 523 vel
1029 459 1263 520 insciti&
1288 459 1614 520 nostrorum
1660 461 1865 521 ducum
1904 504 1924 533 ,

577 544 680 603 vel
714 540 959 601 fortunae
994 541 1349 623 indulgentia
1372 582 1391 613 ,
1432 562 1611 621 quum
1649 541 1793 601 alios
1828 542 1924 601 du-

577 644 678 682 ces
701 668 722 697 ,
757 639 883 683 tum
915 622 1255 703 Pompeium
1278 666 1298 695 ,
1337 624 1531 703 magni
1570 623 1818 681 nominis
1846 624 1929 683 vi-

575 725 708 763 rum
735 745 754 775 ‚
792 703 867 763 ad
899 705 1228 784 turpissima
1265 702 1503 761 deduxit
1540 700 1765 763 foedera
1795 701 1822 785 (
1840 703 1925 763 hic

575 786 794 865 primus
835 804 868 843 e
905 783 1201 863 Pompeiis
1242 782 1439 842 consul
1476 782 1582 842 fuit
1615 781 1643 865 )
1678 804 1787 845 nec
1823 786 1926 843 mi-

575 866 686 923 niis
711 866 896 946 turpia
933 886 1000 923 ac
1031 861 1378 923 detestabilia
1413 862 1749 924 Mancinum
1782 862 1925 924 Hos·

575 946 766 1005 tilium
819 943 1115 1007 consulem
1154 965 1168 1003 :
1208 942 1309 1003 sed
1350 943 1699 1027 Pompeium
1756 946 1923 1027 gratia

573 1028 924 1109 impunitum
975 1024 1174 1085 habuit
1196 1070 1217 1097 ‚
1264 1023 1603 1084 Mancinum
1652 1046 1925 1085 verecun-

560 1108 704 1181 adia'3
732 1110 828 1190 qui
873 1126 984 1187 pe,
1009 1127 1133 1167 non
1154 1104 1469 1167 recusando
1497 1105 1767 1185 perduxit
1790 1106 1925 1179 huc,
2019 1166 2020 1169 ,

575 1204 642 1249 ut
674 1208 779 1268 per
857 1188 1065 1247 eciales
1098 1186 1285 1258 nudus
1315 1207 1379 1245 ac
1418 1185 1549 1267 post
1581 1202 1807 1269 tergum
1842 1208 1925 1247 re·
2019 1200 2020 1203 ’

575 1268 757 1349 ligatis
789 1268 1051 1330 manibus
1082 1266 1393 1327 dederetur
1426 1265 1683 1327 hostibus
1715 1290 1730 1328 ε
1757 1288 1925 1349 quem

572 1350 662 1409 illi
705 1350 962 1431 recipere
1004 1346 1063 1416 se
1109 1364 1465 1429 negaverunt
1492 1390 1511 1421 ,
1561 1349 1707 1408 sicut
1788 1370 1927 1409 uon-

573 1430 708 1489 dam
733 1426 982 1489 Caudini
1016 1426 1277 1487 fecerunt
1300 1474 1318 1501 ‚
1358 1428 1611 1489 dicentes
1647 1428 1767 1509 pub
1790 1431 1925 1490 ‘cam

522 1511 530 1515 “
575 1511 964 1571 violationem
1009 1506 1150 1569 fidei
1198 1530 1319 1569 non
1374 1509 1589 1570 debere
1640 1512 1807 1571 unius
1856 1510 1927 1572 lui
2019 1548 2020 1551 =

575 1590 676 1651 san
755 1593 868 1651 ine.
915 1610 918 1613 ·

659 1672 686 1733 l
727 1715 744 1732 .
785 1671 1107 1731 Immanem
1140 1668 1365 1732 deditio
1391 1668 1651 1732 Mancini
1687 1673 1924 1733 civitatis

557 1754 769 1813 .movit
810 1751 1215 1813 dissensionem
1252 1774 1267 1813 τ
1308 1754 1524 1834 quippe
1566 1750 1705 1811 Tib.
1750 1750 1925 1813 Grac-

553 1834 754 1903 -chuS,
791 1830 930 1892 Tib.
964 1830 1211 1892 Gracchi
1250 1833 1547 1893 clarissimi
1584 1850 1756 1913 atque
1792 1836 1927 1893 emi-

554 1913 892 1973 --nentissimi
933 1914 1047 1973 viri
1082 1910 1231 1973 filius
1254 1958 1275 1987 ‚
1313 1912 1377 1973 P.
1413 1912 1671 1973 Africani
1699 1934 1777 1973 *ex
1818 1912 1927 1974 filia

557 2014 764 2075 -nepos
788 2036 807 2065 ‚
851 2014 970 2075 quo
1011 1991 1291 2075 quaestore
1324 1995 1397 2054 &
1438 1993 1666 2054 adim-e
1710 1994 1771 2054 id
1820 1993 1929 2056 foe-

557 2074 684 2133 ·dus
715 2073 892 2133 icium
925 2091 1086 2146 erat,
1120 2094 1271 2135 nunc
1310 2078 1563 2155 graviter
1596 2073 1793 2136 ferens
1830 2076 1928 2136 ali-

573 2155 718 2238 quid
755 2176 788 2214 a
826 2154 884 2215 se
927 2154 1136 2215 fafium
1174 2154 1447 2215 infirmari
1473 2200 1495 2229 ,
1537 2176 1689 2215 nunc
1730 2157 1926 2216 similis

557 2237 676 2296 ·vel
708 2234 906 2315 judicii
939 2236 1037 2295 vel
1069 2256 1258 2317 poenae
1288 2253 1551 2295 metuens
1586 2235 1890 2297 discrimen
1910 2282 1927 2309 ‚

547 2318 836 2377 *tribunus
877 2315 1062 2397 plebis
1102 2333 1321 2376 creatus
1350 2360 1370 2387 ‚
1420 2318 1512 2377 vir
1550 2316 1766 2399 alioqui
1808 2318 1928 2380 vita

571 2398 1077 2457 innocentissimus
1104 2440 1124 2470 ,
1167 2398 1399 2479 ingenio
1442 2397 1881 2458 florentissimus
1908 2443 1926 2471 ‚
2018 2432 2020 2437 π

483 2494 488 2501 ’
571 2480 875 2562 proposito
907 2476 1283 2537 sanfflssimus
1308 2523 1323 2549 ‚
1348 2479 1519 2539 tantis
1550 2478 1803 2561 denique
1840 2480 1929 2540 ad·

573 2574 806 2619 ornatus
829 2558 1167 2633 virtutibus,
1192 2574 1427 2640 quantas
1458 2558 1714 2641 perfe&a
1742 2561 1813 2621 &
1830 2582 1931 2623 na·
2019 2626 2020 2629 Ἴ

553 2640 699 2697 ‘tura
730 2640 794 2699 δι.
820 2637 1091 2700 industria
1112 2639 1373 2699 mortalis
1401 2640 1658 2702 conditio
1682 2642 1804 2700 reci
1852 2644 1926 2713 it,

545 2718 634 2781 -P.
661 2718 866 2805 Mucio
899 2718 1164 2787 Scaevola
1186 2765 1207 2797 ,
1231 2720 1301 2785 L.
1326 2718 1643 2803 Calpurnio
1672 2742 1789 2784 con
1820 2723 1928 2783 uli-
