2067 3667
526 260 1039 331 ‘'L1BER
1139 257 1268 332 ῙΙ.
1507 260 1599 360 65

240 393 369 442 tare
389 421 409 451 ,
438 379 735 439 Cunfr'ator.
770 380 923 438 Hinc
960 379 1100 440 illud
1133 401 1208 440 ex
1239 381 1460 462 populo
1487 425 1505 454 ‚
1537 399 1608 441 ut

240 462 459 540 Imperii
480 458 693 537 scutum
724 477 1052 520 vocaretur.
1078 459 1278 543 ltaque
1307 483 1412 544 per
1439 461 1602 522 Sam-

240 543 405 600 nium
444 557 634 601 totum
667 585 686 612 ‚
731 561 835 622 per
869 541 1144 602 Falernos
1181 541 1597 623 Gauranosque

238 620 410 681 saltus
454 623 535 680 sic
578 624 893 681 maceravit
932 620 1286 684 Annibalem
1321 667 1341 696 ,
1387 640 1452 682 ut
1495 626 1598 705 qui

237 701 421 784 frangi
452 704 667 762 virtute
702 723 821 762 non
858 720 1083 782 poterat
1103 749 1122 776 ,
1153 704 1317 764 mora
1351 707 1612 776 commi--

237 801 531 843 nueretur.
590 781 731 846 Inde
794 781 1046 843 Claudio
1105 784 1389 844 Marcello
1443 785 1596 845 duce

242 864 418 922 etiam
444 865 721 945 congredi
752 863 912 922 ausus
939 862 1043 922 est.
1076 861 1362 924 Cominus
1394 867 1556 924 venit
1575 909 1600 939 ,

242 943 310 1002 &
348 943 573 1023 pepulit
599 945 660 1002 in
692 941 1015 1022 Campania
1047 941 1142 1002 sua
1172 987 1192 1015 ‚
1227 946 1294 1004 &
1327 945 1400 1003 ab
1441 945 1605 1004 obsi-

242 1022 419 1082 dione
444 1021 503 1082 N
506 1023 617 1082 olae
650 1022 805 1081 urbis
831 1024 1100 1082 excussit.
1132 1023 1318 1083 Ausus
1341 1025 1406 1084 &
1432 1022 1602 1084 Sem-

241 1105 455 1186 pronio
504 1101 775 1163 Graccho
820 1103 967 1162 duce
1009 1123 1117 1184 per
1157 1103 1467 1162 Lucaniam
1509 1103 1600 1164 se-

243 1185 344 1264 qui
368 1227 387 1255 ‚
428 1183 494 1242 &
534 1202 801 1265 premere
846 1199 1007 1265 terga
1045 1183 1300 1243 cedentis
1329 1205 1348 1258 3
1433 1205 1603 1246 uam--

146 1313 150 1318 .
241 1263 335 1324 vis
386 1281 521 1326 tunc
572 1262 663 1344 (ὃ
700 1263 891 1344 pudor
926 1265 993 1344 !)
1041 1285 1216 1325 manu
1257 1205 1450 1324 servili
1492 1288 1612 1347 pu-

322 1360 461 1404 aret.
493 1343 649 1404 Nam
678 1345 789 1403 huc
827 1343 1009 1426 usque
1045 1362 1136 1404 tot
1173 1346 1320 1406 mala
1350 1349 1606 1427 compu-
1723 1423 1730 1427 .

240 1363 425 1485 {iant
456 1445 474 1498 3
517 1425 615 1484 sed
648 1425 913 1486 libertate
951 1427 1187 1498 donati,
1227 1425 1485 1487 fecerant
1522 1428 1603 1487 de

238 1504 513 1566 servitute
558 1505 878 1566 Romanos.
924 1505 987 1566 O
1024 1506 1364 1567 horribilem
1399 1510 1459 1566 in
1507 1523 1600 1567 tot

239 1587 503 1646 adversis
538 1584 811 1646 fiduciam
840 1589 857 1645 2
882 1585 921 1646 ὁ
962 1585 1310 1666 singularem
1346 1590 1602 1646 animum

240 1683 277 1726 a
418 1668 611 1725 iritum
700 1665 863 1746 opuli
914 1665 1164 1725 Romani
1215 1667 1230 1725 !
1273 1683 1392 1724 tam
1437 1665 1600 1726 πῶς

238 1665 567 1829 nillil-{isque
598 1767 659 1806 re
704 1767 771 1805 us
789 1791 812 1818 ,
841 1767 1019 1827 quum
1047 1745 1122 1805 de
1161 1744 1326 1806 Italia
1357 1746 1453 1806 sua
1490 1748 1602 1806 du-
1694 1825 1700 1830 ι

237 1830 488 1903 hitaret,
518 1826 681 1887 ausus
718 1826 801 1886 est
836 1845 1033 1886 tamen
1067 1829 1128 1886 in
1161 1825 1386 1888 diversa
1419 1825 1602 1908 respi-
1696 1849 1704 1858 ¹

238 1929 413 1983 cere·;
450 1929 744 1990 quumque
766 1907 960 1968 hostes
982 1909 1042 1966 in
1066 1905 1266 1990 jugulo
1298 1928 1400 1988 per
1421 1905 1608 1968 Cam·-

240 1991 471 2070 paniam
507 1988 781 2067 Apuliam
823 2010 897 2049 ue
935 1989 1288 2062 volitarent,
1323 1989 1606 2048 mediam·

240 2087 358 2150 que
401 2068 475 2127 de
521 2067 679 2127 ltalia
727 2071 778 2128 A
810 2072 987 2130 ricam
1030 2067 1290 2128 facerent
1321 2114 1343 2141 ‚
1384 2070 1600 2128 eodem

858 2147 1606 2311 {affgzissssfaxzsf‘gg

240 2327 523 2370 terrarum
586 2309 793 2369 orbem
856 2329 1013 2368 arma
1065 2310 1350 2370 mittebat.
1410 2308 1607 2372 Sicilia‘

242 2389 829 2450 mandata-Marcello
850 2435 869 2464 ‚
904 2410 1011 2450 nec
1051 2391 1148 2452 diu
1183 2389 1408 2452 restitit.
1440 2391 1600 2452 Tota

246 2471 402 2528 enim
458 2468 635 2529 insula
691 2473 749 2530 in
806 2491 921 2532 una
978 2474 1122 2534 urbe
1183 2471 1439 2554 superata
1493 2470 1600 2532 est.

244 2547 482 2609 Grande
506 2547 645 2608 illud
664 2593 687 2620 ,
726 2553 791 2611 &
814 2570 943 2613 ante
975 2553 1036 2613 id
1059 2571 1290 2635 tempus
1319 2551 1596 2612 invictum

244 2647 421 2712 caput
456 2627 748 2710 Syracusae
768 2653 791 2704 ,·
819 2636 1084 2712 quamvis
1115 2633 1480 2692 Archimedis
1509 2635 1606 2690 in·-

245 2713 419 2796 genio
448 2709 935 2785 defenderentur,
960 2713 1268 2796 aliquando
1291 2710 1605 2777 cefferuuu⁴
