2067 3667
477 260 753 339 Htsr.
790 269 1105 339 -Lrsssa
1156 271 1227 341 1.·
1444 296 1523 368 ·9

191 402 260 446 ne
287 380 346 445 iri
375 380 460 446 id·
507 388 628 467 uod
661 380 956 449 Homerus
985 436 1005 459 ,.
1044 389 1324 452 incideret
1350 430 1371 460 ‚
1417 412 1523 475 pa-

191 464 452 550 triamque
571 467 1106 551 parentes'testatns
1140 468 1263 546 est;
1295 469 1393 531 sed
1424 494 1527 553 pa-

188 547 339 607 'triam
365 593 385 622 ,
427 550 558 630 quia
590 550 858 611 multatus
895 552 966 609 ab
1004 570 1071 610 ea
1110 567 1229 611 erat
1253 597 1272 627 ,
1315 572 1525 615 contu·

191 628 596 690 meliosissime.
643 628 805 691 Dum
851 631 909 689 in
961 634 1209 693 externis
1257 653 1459 693 moror
1502 646 1531 709 ,¹

187 708 347 768 incidi
395 712 456 769 in
513 730 642 771 rem
693 708 1067 774 domesticam
1097 756 1117 787 ‚
1167 716 1398 775 maximi
1444 734 1520 775 ue

189 789 378 850 erroris
403 832 424 865 ,
471 790 817 855 &multum
865 790 1283 873 discrepantem
1324 815 1393 853 au
1453 816 1523 855 o-

181 880 301 929 ‘rum
344 870 756 953 opinionibus:
791 872 948 950 Nam
1042 874 1235 935 uidam
1272 920 1288 944 ,
1346 873 1520 955 hujus

187 954 446 1033 temporis
478 952 655 1013 traflu
679 998 698 1024 ‚
731 952 923 1027 aiunt,
961 976 994 1013 a
1077 954 1218 1015 uscis
1250 952 1341 1015 Ca
1382 964 1521 1015 uam

191 1029 503 1117 Nolamque
543 1034 836 1095 conditam
870 1050 1002 1095 ante
1036 1048 1216 1095 annos
1256 978 1379 1095 ferg
1418 1046 1526 1097 oci-

179 1110 455 1195 'tingentos
490 1114 561 1173 tri
599 1114 756 1177 'ntaz
825 1115 994 1175 uibus
1033 1116 1306 1197 equidem
1344 1114 1525 1177 assen-

189 1190 378 1255 serim:
408 1194 512 1255 sed
610 1216 769 1255 arcus
854 1213 949 1255 ato
1029 1214 1263 1255 uantum
1294 1194 1520 1260 differt!

227 1278 274 1333 ui
305 1276 451 1336 dicat
468 1321 488 1348 ,
510 1272 773 1355 Capuam
799 1276 872 1335 ab
903 1218 1119 1337 eisdem
1144 1274 1345 1337 Tuscis
1378 1300 1527 1339 con-

189 1296 349 1415 §itam
371 1403 388 1427 ,
424 1378 495 1416 ac
525 1353 764 1415 subinde
797 1356 1015 1417 Nolam
1044 1380 1056 1416 :
1086 1356 1289 1418 stetiss'e
1328 1377 1523 1422 autem

189 1433 429 1518 Capuam
447 1484 468 1512 ‚
496 1453 802 1521 antequam
829 1438 1154 1499 aRomanis
1177 1456 1479 1521 caperetur
1498 1485 1523 1511 ,

189 1520 328 1576 annis
358 1519 585 1579 circiter
619 1518 876 1579 ducentis
911 1518 1239 1601 sexaginta:
1277 1520 1437 1605 quod
1474 1522 1545 1581 εἴ

185 1598 260 1659 ita
301 1597 376 1659 est
402 1646 422 1673 ‚
473 1618 655 1680 quum
705 1600 818 1659 sint
861 1620 894 1659 a
935 1598 1140 1680 Capua
1184 1618 1348 1681 capta
1394 1603 1529 1661 anni

193 1680 405 1739 ducenti
438 1680 814 1763 quadraginta
845 1726 862 1752 ,
887 1699 955 1739 ut
977 1681 1219 1741 condita
1244 1678 1325 1739 est
1348 1725 1367 1754 ‚
1394 1683 1529 1741 anni

191 1758 304 1819 sunt
329 1758 446 1821 fere
519 1763 796 1855 uingenti.
829 1760 956 1843 Ego
989 1760 1183 1846 (pace
1218 1760 1531 1844 diligentiae

189 1840 409 1902 Catonis
463 1782 710 1903 ‹Iixerrm
749 1842 774 1921 )
827 1846 924 1905 vix
973 1842 1317 1904 crediderim
1346 1890 1361 1913 ,
1406 1858 1531 1903 tam

187 1924 390 1983 mature
425 1939 644 1985 tantam
679 1924 880 1983 urbem
917 1922 1153 1986 creviss'e
1176 1971 1193 1995 ,
1236 1922 1487 1985 floruisse
1504 1967 1535 1998 ,

187 2002 480 2065 concidisse
503 2051 522 2075 ,
557 2003 929 2065 resurrexisse.
1180 2022 1185 2027 ’

253 2083 414 2147 VIII.
461 2083 858 2147 Clarissimum
897 2086 1110 2151 deinde
1152 2090 1415 2149 omnium
1440 2086 1539 2169 Iu-

183 2166 396 2229 dicrum
460 2186 754 2229 certamen
777 2212 800 2241 ,
853 2170 917 2230 &
977 2168 1051 2229 ad
1103 2167 1545 2229 exercitandam

182 2250 437 2329 corporis
501 2248 796 2331 animique
855 2252 1133 2308 virtutem
1206 2248 1536 2317 efficacissi-

166 2336 334 2391 ‘mum
361 2330 395 2401 ,’
425 2326 513 2391 01
565 2328 856 2417 m'piorum
897 2331 1106 2388 initum
1133 2374 1152 2399 ,
1196 2329 1392 2389 habuit
1430 2350 1537 2389 au·-

165 2350 966 2495 'Rorem‘·1p{itumf·Elium.
999 2408 1079 2469 ·Is
1135 2430 1241 2470 eos
1288 2410 1461 2470 ludos
1498 2414 1543 2481 ',

181 2490 613 2579 mercafurhque
648 2490 883 2551 instituit
919 2492 1051 2550 'ante
1092 2512 1274 2553 annos
1298 2537 1323 2565 ,
1362 2490 1539 2572 quam

161 2570 284 2643 'tu·,
339 2574 550 2637 Marce
597 2572 840 2644 Vinici,
886 2571 1242 2641 consulatum
1298 2574 1471 2631 inires
1515 2614 1541 2644 ‚

161 2652 545 2739 'offingentos
627 2670 846 2713 uatuor.
890 2652 1028 2713 Hoc
1068 2652 1287 2712 sacrum
1324 2652 1543 2713 eodem

181 2732 312 2797 loco
365 2734 580 2798 institui
625 2756 658 2795 e
681 2734 886 2797 sertui·
929 2733 1135 2797 abhinc
1187 2754 1366 2794 annos
1418 2732 1551 2807 fert}

1199 2815 1339 2877 Av
