2067 3667
498 295 782 365 str.
834 302 1155 365 LIBER
1204 296 1265 365 I.
1463 319 1545 391 23

195 434 367 476 mana
404 411 685 495 tragoedia
724 409 807 473 est
843 434 861 473 .·
896 410 1208 494 dulcesque
1243 411 1430 474 Latini
1475 412 1559 473 le-

194 497 354 577 poris
397 491 618 553 facetiae
644 538 665 565 ‚
706 514 812 574 per
849 491 1149 553 Caecilium
1185 491 1558 553 Terentium-

195 596 311 655 que
338 575 403 636 &
424 574 728 635 Afranium
746 620 767 646 ‚
796 573 856 636 su
897 576 1018 655 pari
1041 591 1204 635 aetate
1240 577 1557 646 nituerunt.

195 654 526 717 Historicos
570 654 597 736 (
636 672 701 715 ut
749 656 815 717 &
904 657 1088 717 ivium
1129 676 1362 738 quoque
1405 657 1563 736 prio-

194 758 326 797 rum
362 738 513 807 aetati
553 733 804 797 adstruas
840 735 869 821 )
914 753 1124 877 praeter
1165 734 1454 798 Catonem
1494 736 1561 799 ὅ(

196 814 481 901 quosdam
512 833 743 878 veteres
775 819 843 882 &
874 839 911 878 o
958 816 1150 878 scuros
1173 861 1192 892 ,
1231 819 1422 879 minus
1457 837 1562 879 oc-

194 900 421 981 toginta
469 900 627 968 annis
673 898 1091 959 circumdatum
1134 918 1326 960 aevum
1371 898 1503 958 tulit
1538 917 1560 973 ;

196 996 262 1046 ut
314 999 425 1040 nec
476 978 783 1041 Poetarum
826 980 889 1039 'in
932 980 1217 1059 antiquius
1259 976 1564 1041 citet-iusve

196 1062 489 1142 processit
530 1060 788 1121 ubertas,
827 1058 913 1121 At
951 1060 1142 1121 oratio
1169 1102 1192 1135 ‚
1231 1080 1300 1120 ac
1339 1060 1433 1120 vis
1473 1056 1584 1117 fo-.

197 1143 385 1203 tensis
421 1186 441 1215 ,
496 1139 813 1224 pei-fecium
856 1160 931 1201 ue
979 1139 1167 1223 prosae
1219 1140 1565 1222 eloquentiae

200 1222 383 1284 decus
411 1267 431 1296 ,
475 1239 542 1282 ut
592 1222 751 1283 idem
806 1163 1100 1304 {paretur
1152 1217 1305 1282 Cato
1353 1217 1383 1301 (
1463 1238 1567 1279 ace

199 1302 263 1365 P.
288 1301 526 1377 Crassi,
557 1300 649 1364 Sci
693 1301 951 1385 ionisque
985 1304 1048 1364 &
1073 1300 1238 1363 Laelii
1256 1346 1277 1374 ‚
1300 1302 1364 1364 δι
1384 1240 1569 1363 (frac-

198 1384 444 1446 chorum
476 1428 495 1454 ,
552 1384 617 1445 &
701 1385 853 1443 annii
885 1428 906 1459 ‚
959 1384 1026 1447 &
1069 1380 1195 1443 Ser.
1235 1381 1443 1445 Galbae
1483 1381 1574 1441 di-

200 1466 392 1526 xerim
423 1460 452 1546 )
492 1465 569 1524 ita
610 1462 875 1525 universa
920 1460 1022 1525 sub
1068 1464 1327 1545 principe
1372 1463 1569 1545 operis

202 1545 289 1609 sui
328 1545 517 1640 erupit
550 1542 752 1605 Tullio
784 1565 804 1619 ;
850 1560 918 1604 ut
956 1542 1224 1605 delefiiari
1261 1559 1394 1603 ante
1436 1562 1572 1603 eum

204 1628 569 1709 paucissimis
584 1668 605 1697 ,
636 1625 827 1687 mirari
853 1626 1001 1686 verb
1025 1625 1318 1684 neminem
1347 1624 1534 1697 possis
1555 1667 1577 1698 ,

206 1708 323 1768 nisi
352 1723 447 1767 aut
484 1705 554 1767 ab
586 1706 693 1767 illo
732 1702 921 1767 visum
949 1749 969 1775 ,
1011 1720 1108 1765 aut
1151 1704 1254 1785 qui
1295 1702 1458 1763 illum
1486 1705 1579 1765 vi·-

208 1788 382 1849 derit.
429 1784 563 1848 Hoc
606 1788 768 1847 idem
807 1782 1060 1847 eveniffe
1107 1781 1520 1847 Grammaticis
1551 1826 1576 1858 ,

206 1866 407 1947 Plastis
426 1912 445 1943 ,
471 1866 785 1929 Piaoribus
800 1912 823 1940 ‚
858 1865 1251 1948 scalptoribus
1270 1909 1291 1936 ‚
1320 1862 1574 1961 quisquis

206 1967 547 2031 temporum
593 1946 861 2009 institerit
908 1946 1064 2007 notis
1085 1990 1110 2020 ,
1163 1962 1457 2028 reperiet,
1507 1947 1573 2008 δι

206 2032 523 2091 eminentia
556 2027 828 2113 cujusque
860 2030 1058 2109 operis
1086 2026 1405 2087 arctissimis
1428 2045 1576 2088 tem-

209 2130 424 2194 porum
458 2109 713 2171 claustris
752 2108 1124 2170 circumdata.
1165 2104 1355 2185 Hujus
1389 2126 1530 2189 ergo
1553 2149 1574 2179 ,

208 2188 699 2275 praecedentisque
730 2186 905 2250 seculi
932 2232 953 2262 ,
980 2189 1346 2271 ingeniorum
1381 2186 1578 2247 simili-

214 2272 453 2335 tudines
494 2272 893 2353 congregantis
930 2272 998 2332 &
1032 2271 1094 2328 in
1132 2265 1386 2329 studium
1419 2288 1524 2348 par
1556 2312 1577 2342 ‚

214 2353 285 2415 δι
322 2355 387 2413 in
424 2352 882 2413 emolumentum
904 2394 928 2421 ,
968 2346 1160 2411 causas
1182 2367 1388 2431 quum
1427 2346 1578 2409 sem-

162 2490 177 2502 ,
214 2452 327 2514 per
355 2436 586 2515 requiro
608 2477 627 2506 ,
656 2452 796 2492 num
836 2450 972 2492 uam
999 2430 1232 2512 reperio
1250 2472 1268 2502 ,
1297 2448 1438 2511 quas
1463 2426 1576 2489 effe

214 2534 389 2574 veras
424 2512 719 2574 confidam
739 2556 759 2587 ‚
796 2452 898 2573 {led
931 2508 1161 2571 fortass'e
1192 2509 1532 2571 verisimiles
1557 2554 1578 2583 ,

216 2597 373 2655 inter
404 2614 545 2677 quas
577 2594 679 2653 has
710 2592 981 2654 maetime.
1013 2591 1139 2654 Alit
1175 2589 1462 2653 aemulatio
1497 2592 1582 2649 in-

217 2676 440 2771 genia3
480 2676 546 2737 δι
583 2695 735 2736 nunc
771 2673 995 2734 invidia
1015 2717 1038 2748 ,
1079 2692 1232 2733 nunc
1275 2671 1578 2733 admiratio

217 2756 619 2817 incitationem
658 2754 919 2817 accendit
949 2774 970 2828 ;
1010 2752 1324 2835 naturaque
1353 2798 1371 2823 ,
1417 2750 1580 2833 quod

218 2835 455 2900 summo
497 2834 689 2899 studio
744 2836 991 2919 petitum
1038 2830 1122 2895 est
1146 2875 1168 2910 ,
1213 2830 1465 2895 ascendit
1517 2833 1580 2892 in
