2067 3667
612 315 1060 385 L'I'BER
1155 319 1301 389 IV.
1505 341 1633 418 153

285 431 514 494 tanthm
548 432 722 494 civile
756 433 973 496 dicatur
996 478 1016 507 ‚
1055 457 1122 496 ac
1155 457 1230 497 ne
1267 435 1471 498 sociale
1510 441 1640 520 qui-

284 513 425 575 dem
468 559 487 588 ‚
544 512 643 574 sed
693 535 801 575 nec
852 533 1150 577 externum
1201 537 1222 590 ;
1279 517 1377 578 sed
1443 522 1636 599 potius

284 615 597 656 commune
626 595 919 677 quoddam
955 617 1028 656 ex
1059 599 1324 660 omnibus
1351 645 1370 674 ,
1407 600 1472 660 &
1505 600 1634 682 plus

280 675 459 816 fluam
504 676 739 737 bellum.
864 679 1038 758 uippe
1083 682 1130 739 si
1166 680 1341 740 duces
1381 677 1507 760 ejus
1548 679 1636 743 in·

309 759 483 837 picias
532 779 560 831 .;
616 773 773 818 totus
848 777 1044 819 enatus
1095 762 1155 819 in
1209 760 1458 841 partibus
1498 781 1515 820 t
1583 762 1631 822 si

280 840 567 898 exercitus
610 859 629 911 ;
665 838 795 898 hinc
828 839 1100 900 undecim
1146 841 1448 922 legiones,
1495 839 1632 902 inde

278 919 493 979 decem
527 920 593 980 &
628 919 763 979 0610
785 963 805 992 ‚
842 921 954 979 flos
988 923 1176 981 omnis
1207 923 1274 982 &
1304 923 1480 982 robur
1517 919 1632 982 Ita-

270 998 376 1059 lici
416 1000 697 1081 sanguinis
732 1021 747 1059 t
786 1002 835 1060 si
870 1002 1077 1061 auxilia
1116 1001 1404 1063 sociorum
1442 1024 1463 1076 3
1497 1002 1630 1062 hinc

272 1077 491 1141 Gallici
528 1078 923 1163 Germanique
960 1081 1212 1142 delestus
1256 1103 1276 1158 ;
1323 1083 1457 1143 inde
1501 1081 1630 1144 De-

272 1159 497 1242 iotarus
517 1205 536 1236 ,
569 1159 989 1222 Ariobarzanes
1010 1209 1030 1238 ,
1060 1162 1586 1224 Tarchondimotus
1607 1209 1628 1240 ,

280 1240 479 1323 Cotys
501 1289 519 1314 ,
553 1263 728 1303 omne
753 1240 1013 1304 Thraciae
1038 1288 1058 1317 ‚
1080 1241 1471 1327 Cappadociae
1516 1265 1587 1306 ue
1607 1289 1629 1320 ,

278 1320 502 1384 Ciliciae
527 1370 553 1398 ,
592 1323 955 1402 Macedoniae
985 1370 1006 1398 ‚
1051 1323 1329 1399 Graeciae‚
1355 1267 1586 1406 AEtdffiiae
1605 1369 1626 1400 ,

276 1402 569 1487 totiusque
594 1406 774 1465 robur
798 1402 1060 1472 Orientis
1085 1429 1099 1466 :
1131 1407 1178 1466 si
1205 1427 1427 1467 moram
1448 1407 1624 1482 bell¹i3

278 1501 527 1566 quatuor
562 1487 734 1559 anni,
774 1486 841 1546 &
873 1506 980 1566 pro
1018 1487 1181 1547 clade
1219 1509 1409 1547 rerum
1442 1489 1626 1549 breite

274 1583 397 1626 tem
440 1587 507 1626 us
548 1588 564 1627 ε
610 1569 657 1627 si
703 1566 899 1628 locum
942 1569 1004 1627 &
1049 1565 1288 1649 spatium
1327 1568 1423 1628 ubi
1461 1590 1625 1629 com-

276 1588 507 1707 missiim
550 1645 633 1708 est
674 1669 693 1721 ;
738 1648 883 1707 intra
930 1646 1149 1707 Italiam
1196 1671 1216 1709 :—
1270 1649 1404 1710 inde
1457 1649 1514 1709 se
1559 1653 1622 1710 in

274 1725 531 1788 Galliam
589 1726 1039 1809 Hispaniamque
1091 1729 1326 1790 deflexit
1355 1774 1375 1803 ,
1427 1751 1624 1792 rever·-

274 1806 397 1867 sum
443 1829 516 1868 ue
548 1808 621 1868 ab
650 1807 853 1868 occasu
878 1853 897 1877 ,
926 1811 1064 1870 totis
1101 1811 1318 1872 viribus
1351 1812 1411 1870 in
1443 1810 1624 1894 Epiro

274 1831 675 1969 Thessaliaque
704 1889 963 1951 consedit
994 1913 1007 1950 :
1045 1891 1174 1951 hinc
1207 1893 1266 1950 in
1299 1891 1374 1958 AE
1413 1910 1624 1974 yptum

273 1967 467 2030 subito
513 1971 776 2029 transiliit
825 1991 839 2030 ε
896 1971 1031 2032 inde
1080 1971 1178 2031 res
1209 1973 1324 2032 exit
1432 1975 1621 2035 siam:

270 2051 409 2111 inde
460 2049 673 2111 Africae
712 2051 971 2112 incubuit
1005 2073 1020 2112 ε
1061 2074 1141 2134 po
1193 2054 1354 2112 remo
1397 2056 1456 2112 in
1493 2051 1624 2112 His·

270 2134 503 2213 paniam
534 2134 825 2214 regyravit
845 2177 864 2206 ‚
906 2134 971 2194 &
1006 2134 1086 2192 ibi
1128 2133 1436 2214 aliquando
1470 2133 1623 2194 defe-

272 2216 373 2273 cit.
418 2210 532 2273 Sed
574 2233 695 2272 non
738 2215 801 2274 &
838 2213 975 2272 odia
1003 2216 1252 2294 partium
1291 2211 1448 2274 finita
1488 2222 1621 2276 cu'rn

270 2293 452 2354 bello.
500 2292 640 2354 Non
683 2296 838 2353 enim
881 2297 1036 2376 prius
1113 2297 1347 2355 uievere
1380 2341 1398 2372 ,
1445 2295 1620 2378 quam

270 2376 334 2434 in
385 2373 551 2435 Urbe
588 2373 715 2456 ’ipsa
753 2420 771 2450 ‚
817 2375 1015 2436 medio
1067 2316 1261 2435 {natu
1297 2422 1317 2451 ‚
1367 2398 1572 2437 eorum
1597 2401 1624 2453 2,

317 2457 373 2514 ui
417 2454 553 2517 vieti
590 2472 790 2526 erant,
834 2458 972 2518 odia
1010 2455 1246 2518 vicioris
1293 2455 1410 2518 sese
1461 2459 1621 2522 caede

270 2477 555 2597 finiat-ent.
602 2533 787 2597 Causa
822 2554 987 2597 tantae
1020 2539 1351 2599 calamitatis
1388 2539 1620 2613 eadem,

316 2637 403 2676 uae
452 2619 712 2677 omnium
742 2663 761 2692 ,
811 2619 985 2677 nimia
1022 2617 1283 2678 felicitas.
1325 2617 1624 2702 Siquidem

271 2637 533 2774 ὂυὶηᾶο
568 2697 847 2771 Metello,
888 2697 1070 2759 Lucio
1110 2699 1353 2759 Afranio
1388 2700 1625 2763 consuli·

263 2776 381 2840 bus
402 2821 425 2852 ,
472 2798 652 2862 quum
694 2777 960 2840 Romana
1000 2778 1258 2863 majestas
1297 2797 1426 2843 toto
1475 2782 1624 2846 orbe

1241 2859 1374 2944 <35
