2067 3667
574 297 847 367 Htsr.
900 297 1209 368 LIBER
1261 302 1374 371 II.
1535 300 1628 397 69

266 433 465 477 novas
487 415 731 497 imperio
756 414 955 477 nostro
976 414 1264 497 subjunxit
1287 419 1636 499 provincias.

278 497 365 557 Ut
387 497 484 557 has
508 498 681 556 armis
701 542 719 567 ,
743 499 821 557 ita
848 496 1180 557 aneioritate
1204 496 1637 579 Cappadociam

278 578 503 659 populo
547 577 817 638 Romano
865 577 1003 639 fetit
1041 576 1478 661 stipendiariam.
1517 578 1636 641 Sed

279 676 636 721 revertamur
672 659 747 719 ad
777 658 1060 719 ordinem.
1572 666 1575 671 '

260 794 266 799 .
359 738 493 800 XL.
535 737 742 799 Secuta
782 739 991 803 ‚deinde
1033 739 1146 803 Cn.
1185 740 1446 823 Pompeii
1482 741 1636 801 mili-

278 820 357 878 tia
374 864 396 891 ,
422 820 617 901 gloriae
648 819 927 880 laborisne
950 818 1186 901 majoris
1219 824 1503 882 incertum
1529 820 1632 883 est.

258 900 591 965 ,Penetratae
629 922 761 961 cum
793 900 1036 961 vffloria
1071 901 1309 974 Media,
1342 902 1590 963 Albania
1610 949 1628 973 ,

280 978 513 1053 Iberia3
556 1002 623 1041 ac
661 982 881 1059 deinde.
913 983 1130 1042 flexum
1173 1000 1382 1064 agmen
1418 983 1634 1042 adeas

280 1064 541 1130 nationes
563 1106 583 1135 ,
622 1083 750 1143 quae
792 1062 993 1121 dextra
1022 1079 1194 1144 atque
1232 1063 1432 1122 intima
1463 1062 1633 1123 Ponti

234 1208 240 1213 ,
279 1142 537 1203 incolunt
568 1186 591 1216 ,
644 1140 905 1203 Colchos
948 1186 969 1215 ,
1016 1142 1468 1223 Heniochosque
1507 1188 1528 1218 ‚
1568 1145 1634 1204 δι

280 1220 579 1294 Achaeos3
618 1222 682 1283 &
716 1220 1011 1303 oppreffus
1043 1220 1302 1305 auspiciis
1332 1223 1630 1304 Pompeii,

279 1303 491 1364 insidiis
526 1302 626 1363 filii
676 1302 975 1363 Pharnacis
995 1348 1017 1375 ,
1053 1302 1462 1379 Mithridat'eS,
1496 1304 1632 1365 ulti-

280 1404 407 1443 mus
438 1386 698 1445 omnium
730 1382 867 1465 juris
891 1382 971 1443 sui
994 1404 1234 1467 regum,
1266 1402 1471 1467 praeter
1495 1384 1630 1445 Par·

262 1465 483 1539 thicos,
520 1464 678 1525 Tum
719 1463 903 1525 vifi'tor
942 1468 1206 1527 omnium
1229 1510 1249 1538 ‚
1293 1487 1432 1547 quas
1469 1466 1632 1526 adie-

280 1564 366 1604 rat
385 1588 404 1617 ‚
426 1547 682 1627 gentium
703 1544 1009 1627 Pompeius
1030 1588 1050 1618 ,
1083 1544 1182 1607 suo
1224 1566 1296 1605 ue
1323 1548 1387 1607 &
1409 1548 1629 1605 civium

279 1643 431 1686 voto
469 1622 653 1705 major
678 1670 699 1697 ‚
734 1628 800 1687 δι
834 1646 941 1707 per
976 1628 1172 1699 omnia
1207 1642 1493 1702 ‚ortunam
1522 1626 1629 1685 ho·

263 1708 454 1771 ,minis
493 1704 730 1787 egress'us
749 1750 769 1779 ‚
804 1708 1044 1767 revertit
1080 1709 1138 1765 in
1177 1704 1418 1765 Italiam.
1444 1704 1631 1787 Cujus

281 1786 527 1851 reditum
559 1784 931 1847 favorabilem
968 1788 1170 1867 opinio
1192 1784 1442 1847 fecerat:
1466 1790 1632 1869 quip-

282 1886 358 1947 pe
440 1866 655 1947 lerique
701 1888 820 1928 non
863 1870 985 1927 sine
1027 1871 1279 1928 exercitu
1321 1884 1630 1928 venturum

280 1950 343 2006 in
376 1888 599 2009 &rbem
638 1946 1027 2021 affirmabant,
1063 1950 1128 2010 δι
1157 1946 1405 2008 libertati
1439 1948 1628 2028 publi·

280 2049 365 2087 cae
401 2025 736 2089 statuturum
774 2028 1008 2088 arbitrio
1043 2026 1144 2089 suo
1181 2028 1442 2088 modum.
1477 2027 1626 2107 Quo

280 2110 463 2189 magis
496 2109 609 2169 hoc
642 2108 903 2169 homines
937 2111 1242 2169 timuerant
1261 2152 1280 2181 ,
1314 2110 1388 2167 eb
1417 2112 1628 2189 gratior

279 2190 464 2249 civilis
494 2190 635 2249 tanti
658 2191 1017 2269 imperatoris
1045 2189 1258 2249 reditus
1285 2187 1394 2247 fuit
1417 2209 1432 2247 z
1465 2192 1624 2247 omni

278 2270 498 2351 quippe
540 2270 822 2331 Brundisii
873 2267 1090 2329 dimisso
1143 2267 1395 2327 exercitu
1427 2311 1448 2338 ‚
1487 2269 1627 2329 nihil

279 2369 488 2431 praeter
526 2370 741 2410 nomen
774 2350 1136 2430 imperatoris
1171 2350 1422 2409 retinens
1444 2394 1464 2422 ,
1486 2370 1625 2411 curn

262 2432 508 2512 ,privato
540 2432 853 2501 comitatu,
927 2450 1060 2490 uem
1093 2428 1316 2509 semper
1344 2429 1424 2489 illi
1453 2452 1626 2490 vaca-

278 2532 344 2571 re
380 2512 557 2571 moris
591 2510 734 2585 fuit,
768 2513 829 2571 in
922 2511 1086 2573 rbem
1119 2511 1328 2585 rediit3
1365 2532 1456 2570 rna
1499 2511 1629 2571 nifi-

278 2593 783 2673 centissimumque
807 2592 880 2651 de
904 2608 995 2652 tot
1014 2592 1242 2674 regibus
1261 2612 1364 2673 per
1384 2532 1624 2652 birinum

280 2674 399 2753 egit
420 2672 773 2751 triumphum
790 2715 811 2745 ,
840 2672 1127 2755 longeque
1155 2670 1438 2751 majorem
1461 2670 1624 2733 omni

276 2770 410 2815 ante
440 2751 501 2841 se
528 2752 685 2813 illata
710 2754 957 2837 pecunia
977 2756 1038 2815 in
1061 2755 1319 2815 aerarium
1338 2798 1361 2827 ,
1385 2770 1626 2836 praetet-
