2067 3667
518 313 618 401 32²
773 304 846 373 C.
873 303 1149 373 για.
1200 301 1315 370 ΡΑ
1342 314 1602 369 rrae.

513 422 878 484 triumvirum
905 420 1303 480 nominaverat
1318 462 1339 491 ‚
1368 436 1618 497 eumque
1649 412 1873 477 socium
1918 462 1925 469 .

515 503 722 585 regalis
755 500 1120 582 assumpserat
1152 500 1423 581 potentiae
1459 541 1480 571 ‚
1518 514 1710 558 morte
1749 496 1875 557 affi-

518 585 617 645 cit.
664 582 734 644 Id
771 602 952 641 unum
999 579 1209 642 nefarie
1255 579 1327 639 ab
1371 576 1617 659 Opimio
1666 577 1873 659 prodi-

515 679 644 724 tum
663 707 688 737 ‚
727 662 886 743 quod
913 662 1112 740 capitis
1129 704 1151 733 ‚
1186 678 1307 719 non
1346 658 1533 719 dicam
1576 656 1875 730 Gracchi,

519 742 624 803 sed
669 744 811 803 civis
856 741 1121 803 Romani·
1156 742 1405 819 pretium
1452 736 1510 798 se
1560 736 1830 798 daturum
1856 780 1877 811 ‚

517 824 696 906 idque
719 842 856 883 auro
888 819 1258 903 repensurum
1285 817 1602 901 proposuit.
1633 818 1879 879 Flaccus

519 906 584 963 in
615 903 950 974 Aventino,
986 916 1233 961 armatos
1269 898 1343 958 ad
1384 920 1461 981 pu
1502 918 1634 957 nam
1674 901 1835 958 ciens
1858 941 1879 971 ,

523 1004 660 1044 cum
697 981 822 1043 filio
859 979 1079 1061 majore
1116 978 1399 1063 jugulatus
1434 984 1466 1039 'e
1518 1020 1535 1038 .
1577 976 1879 1039 Gracchus

522 1062 860 1147 profugiens
880 1106 900 1135 ,
931 1082 1110 1145 quum
1142 1058 1259 1138 jam
1290 1058 1900 1138 comprehenderetur

521 1143 600 1203 ab
633 1146 700 1203 iis
719 1189 740 1218 ‚
772 1164 920 1224 quos
959 1140 1236 1221 Opimius
1276 1137 1503 1201 miserat
1524 1182 1545 1211 ‚
1584 1142 1881 1201 cervicem

523 1223 765 1305 Euporo
805 1221 974 1285 servo
1016 1222 1261 1303 praebuit
1296 1243 1316 1297 3
1355 1222 1454 1301 qui
1492 1240 1615 1280 non
1650 1218 1885 1303 segnius

521 1302 586 1365 se
613 1302 734 1385 ipse
763 1305 1054 1363 interemit
1076 1345 1096 1374 ,
1204 1300 1297 1362 am
1323 1300 1560 1361 domino
1593 1298 1886 1362 succurre-
1925 1342 1931 1349 -

525 1400 633 1445 rat.
675 1382 824 1464 Quo
855 1384 947 1443 die
977 1385 1141 1463 singu
1163 1385 1272 1442 aris
1299 1379 1444 1441 Pom
1488 1382 1648 1455 onii,
1675 1383 1885 1461 equitis

525 1463 811 1536 Romani,
837 1465 896 1522 in
915 1460 1243 1527 Gracchum
1265 1460 1410 1521 fides
1431 1403 1570 1521 igit:
1598 1465 1697 1543 qui
1714 1482 1885 1523 more

527 1542 772 1605 Coclitis
789 1589 808 1618 ‚
831 1542 1147 1605 sustentatis
1162 1546 1221 1602 in
1240 1559 1420 1623 ponte
1439 1539 1695 1603 hostibus
1720 1542 1845 1623 ejus
1860 1588 1884 1617 ,

526 1624 722 1706 gladio
746 1623 802 1685 se
832 1623 1132 1685 transfixit.
1158 1622 1243 1683 Ut
1260 1621 1483 1683 Tiberii
1505 1620 1756 1684 Gracchi
1780 1644 1885 1683 an-

527 1722 625 1766 tea
655 1726 864 1787 corpus
885 1750 904 1777 ‚
932 1707 1008 1763 ita
1033 1702 1163 1765 Caii
1180 1748 1199 1775 ,
1220 1705 1369 1764 mira
1394 1702 1733 1765 crudelitate
1755 1706 1883 1766 vic·
1927 1749 1932 1756 -

526 1802 724 1847 torum
743 1830 762 1857 ‚
797 1788 855 1843 in
887 1784 1149 1845 Tiberim
1183 1782 1461 1863 dejectum
1497 1782 1597 1845 est.

613 1864 760 1925 VII.
803 1864 974 1924 Hunc
995 1864 1133 1925 Tib.
1153 1863 1409 1926 Gracchi
1432 1864 1597 1923 liberi
1618 1910 1638 1937 ,
1669 1864 1731 1925 P.
1758 1860 1887 1925 Sci-

529 1946 722 2027 pionis
744 1944 1004 2004 Africani
1024 1961 1267 2026 nepotes
1286 1989 1305 2020 ‚
1324 1945 1465 2004 viva
1486 1944 1671 2005 adhuc
1692 1964 1886 2021 ‚matre

530 2023 807 2087 Cornelia
836 2023 1095 2085 Africani
1134 2026 1250 2085 filia
1273 2070 1292 2099 ‚
1325 2027 1433 2083 viri
1462 2028 1697 2106 optimis
1723 2029 1892 2109 inge·
1932 2066 1941 2074 ·

527 2107 638 2165 niis
662 2104 814 2165 male
843 2104 924 2164 ufi
944 2147 963 2176 ‚
994 2108 1129 2165 vitae
1152 2104 1464 2185 mortisque
1487 2104 1741 2166 habuere
1769 2108 1893 2165 exi-

463 2234 466 2239 .
529 2202 700 2246 tum:
731 2186 830 2266 qui
856 2183 898 2244 fi
927 2186 1164 2245 civilem
1187 2186 1471 2267 dignitatis
1499 2184 1897 2266 concupissent

481 2290 487 2296 ·
529 2266 777 2327 modum
809 2310 830 2339 ‚
867 2266 1156 2347 ,quidquid
1202 2266 1605 2326 tumultuando
1654 2266 1897 2345 adipisci

575 2344 842 2407 estierunt
882 2390 902 2420 ‚
947 2348 1155 2427 quietis
1202 2344 1491 2408 obtuliss'et
1523 2344 1897 2426 'respublica-

528 2366 687 2488 fluic
729 2428 1014 2486 atrocitati
1060 2424 1344 2506 adjectum
1388 2424 1573 2487 scelus
1611 2430 1847 2488 unicum
1879 2450 1899 2489 τ

575 2508 752 2587 uippe
771 2504 1037 2584 juvenis,
1064 2505 1251 2587 specie
1282 2506 1567 2567 excellens
1587 2550 1607 2579 ,
1636 2508 1897 2569 necdum

531 2528 1071 2646 duodetricesimum
1109 2586 1466 2669 transgressus
1503 2608 1713 2647 annum
1734 2631 1753 2658 ‚
1781 2591 1897 2647 im·-

531 2664 830 2744 munisque
874 2666 1209 2727 deliciorum
1242 2683 1655 2749 paternorum,
1698 2668 1899 2731 Fulvii

527 2744 716 2811 Flacci
741 2745 890 2812 filius
905 2791 931 2820 ,
961 2768 1134 2832 quem
1166 2765 1339 2832 pater.
1361 2748 1613 2832 legatum
1642 2749 1716 2811 de
1742 2770 1899 2811 con-
1938 2792 1945 2799 -
