2067 3667
471 278 569 369 84·
673 376 676 379 ῃ
744 276 814 349 C.
871 280 1137 349 Vnt.
1188 278 1583 347 Pareae.

469 396 950 479 Pompeianarum
1027 396 1235 455 artium
1270 391 1449 455 caesos
1482 393 1643 454 vitos
1660 436 1679 466 ,
1706 406 1855 453 non·

468 480 592 545 reci
635 481 680 539 it
737 497 970 539 enati-an
1013 498 1047 535 a
1098 476 1187 537 hic
1252 472 1549 554 scripturae.
1594 473 1833 535 modus·

367 634 372 638 Ι
470 548 584 623 Iilu
659 558 980 621 notandum
1011 554 1097 617 est
1119 576 1134 617 ε
1156 572 1219 616 ut
1251 556 1502 637 primiun
1536 551 1611 617 C.
1638 551 1839 615 C‘aesat

473 640 804 704 inclinatam
863 638 1009 699 vidit
1064 636 1554 717 Pompeianorum
1596 634 1780 695 aciem
1808 664 1859 706 ‚.·

473 740 667 802 neque
728 720 884 802 prius
934 738 1127 799 neque
1180 717 1465 797 antiquius
1518 716 1837 798 quidquam

481 802 681 879 habuit
699 843 719 873 ‚
761 799 938 881 quam
977 817 1185 859 omnes
1225 814 1415 879 partes
1449 794 1731 877 [militari
1767 796 1857 860 δι’

479 881 668 959 ἢεὼο
707 881 772 948 δι
817 878 1229 947 consuetudine
1269 896 1398 939 utar
1430 875 1455 957 ]
1502 876 1833 939 dimitteret.

477 960 636 1027 Psoh
659 958 763 1025 Dii
798 960 1155 1022 immortales
1188 962 1204 1020 ἒ
1238 958 1398 1040 quod
1429 955 1599 1037 hujus
1626 958 1839 1020 volun-
1890 984 1901 993 .

479 1045 614 1103 tatis
637 1062 772 1123 erga
792 1040 1036 1101 Brutum
1062 1039 1175 1102 suae
1198 1037 1398 1119 postea
1428 1040 1523 1099 vir
1542 1056 1662 1099 tam
1682 1038 1837 1099 mitis

557 1123 736 1185 etium
771 1122 900 1181 tulit
931 1123 946 1186 Ξ
997 1121 1161 1182 Nihil
1198 1119 1297 1190 illa
1332 1118 1571 1182 victoria
1604 1118 1839 1184 mirabi-

511 1204 596 1271 ius
617 1246 637 1276 ‚
670 1200 1125 1283 magnificentius
1149 1245 1171 1275 ‚
1202 1202 1407 1261 clarius
1424 1198 1533 1259 fuit
1565 1199 1839 1281 3quando

483 1286 782 1349 neminem
801 1327 822 1361 ,
868 1285 976 1343 nisi
1009 1284 1129 1344 acie
1170 1280 1612 1361 consumptum,
1648 1283 1841 1343 civem

483 1365 668 1447 patria
705 1362 1055 1425 desideravit
1092 1386 1107 1423 ε
1142 1360 1242 1422 sed
1275 1382 1483 1423 munus
1517 1358 1843 1424 misericor-

485 1444 600 1507 diae
651 1446 908 1525 corrupit
959 1446 1269 1526 pertinacia
1288 1488 1306 1513 ‚
1352 1463 1531 1524 quum
1572 1442 1843 1505 libentihs

485 1528 672 1589 vitam
701 1523 890 1587 victor
925 1523 1045 1607 jam
1076 1525 1283 1599 daret„
1312 1522 1487 1604 quam
1523 1522 1659 1586 victi
1692 1525 1844 1585 acci-

486 1622 714 1689 perent.
1178 1620 1189 1639 ·

393 1758 410 1770 ς
526 1736 552 1767 :.
575 1684 754 1750 LIII.
797 1684 1109 1766 Pompeius
1145 1684 1479 1767 profugiens
1518 1704 1653 1745 cum
1692 1684 1845 1745 duo-

490 1767 609 1841 hus
647 1766 904 1830 Lentulis
965 1762 1347 1837 consularibus
1389 1762 1683 1846 Sextoque
1723 1764 1843 1825 filio

490 1848 562 1909 ὅ(
604 1844 866 1909 Favonio
915 1848 1189 1927 praetorio
1225 1892 1245 1921 ,
1296 1866 1442 1927 quos
1496 1848 1739 1908 comites
1790 1848 1861 1907 ei·
1912 1894 1917 1898 .

489 1925 723 1987 fortuna
773 1947 806 1985 a
845 1943 1177 2007 gregaverat
1211 1974 1229 1997 ,
1274 1928 1398 1989 aliis
1448 1944 1510 1987 ut
1556 1926 1797 1987 Parthos‘
1826 1970 1846 2001 ,

490 2007 620 2070 aliis
649 2024 714 2071 ut
748 2005 808 2067 A
861 2009 1006 2067 ‘cam
1043 2023 1270 2088 peteret
1293 2052 1317 2079 ,
1350 2009 1409 2067 in
1442 2028 1557 2089 qua
1590 2004 1847 2067 fidelissi·-

491 2108 662 2149 mum
743 2089 948 2159 artium
987 2085 1207 2149 suarum
1246 2088 1481 2148 haberet
1514 2104 1713 2169 regem
1749 2088 1850 2149 Ju-

493 2168 634 2231 bam
656 2213 676 2243 ,
721 2167 1061 2242 uadentibus
1078 2212 1099 2239 ,
1123 2168 1447 2251 AEgyptum
1480 2185 1679 2249 petere
1708 2190 1850 2249 pro-

493 2248 725 2331 posuit;
754 2270 981 2309 memor
1011 2247 1431 2309 beneficiorum
1452 2294 1469 2317 ,
1496 2270 1625 2331 quae
1660 2251 1719 2309 in
1744 2272 1845 2351 pa-

468 2346 653 2401 ⁵trem
684 2328 802 2409 ejus
831 2329 1160 2402 Ptolemaei,
1185 2332 1283 2411 qui
1308 2348 1433 2391 tum
1459 2348 1641 2409 puero
1673 2350 1849 2411 quam

497 2407 700 2489 juveni
731 2412 970 2491 propior
998 2410 1267 2491 regnabat
1292 2410 1685 2483 Alexandriae,
1714 2432 1852 2471 con·-

498 2490 730 2551 tulerat.
763 2486 881 2549 Sed
916 2490 1041 2571 quis
1060 2494 1127 2562 jn
1152 2490 1404 2553 adversis
1426 2488 1851 2557 beneficiorum

497 2568 688 2634 servat
729 2573 1068 2631 memoriam
1106 2570 1128 2629 ?
1171 2588 1269 2631 aut
1310 2573 1437 2653 quis
1474 2570 1669 2631 ullam‘
1698 2572 1851 2633 cala-

499 2651 721 2720 mitosis
751 2650 949 2713 deberi
977 2668 1139 2733 putat
1190 2654 1411 2713 'ratiam
1433 2653 1459 2713 ?
1490 2668 1589 2713 aut
1614 2652 1849 2735 quando

497 2728 874 2827 formqa'non
909 2750 1092 2797 mutat
1123 2731 1164 2797 fi
1208 2754 1299 2799 em
1324 2733 1348 2797 ἓ
1370 2732 1535 2799 Missi
1557 2736 1753 2821 itaque
1774 2733 1873 2801 ab.
