2067 3667
506 314 561 387 L
612 336 647 387 t
698 335 749 386 B
799 333 849 386 Ε
896 336 950 387 n
1047 317 1172 387 ΙΙ.
1213 316 1225 323 ’
1423 338 1505 415 53

158 434 349 507 diret,
391 435 702 515 praelucere
742 434 953 495 funalia
985 481 1003 509 ‚
1049 438 1360 518 praecinere
1403 438 1517 497 sibi

157 516 319 575 tibias
357 513 555 595 jussit,
607 519 767 600 quasi
814 518 1076 600 quotidie
1117 520 1522 597 triumphare&

156 595 277 657 Prae
310 613 463 656 tanta
496 596 735 657 vifioria
763 598 894 657 leve
931 595 1096 676 hujus
1131 601 1319 679 proelii
1348 600 1512 657 dam·-

154 696 292 737 num
325 676 449 737 fuit.
478 676 647 737 Alter
675 678 971 739 consulum
993 682 1344 760 interceptus
1371 680 1513 739 Asi-

152 776 228 817 na
249 756 588 819 Cornelius:
619 762 716 841 qui
748 759 1012 818 Simulato
1037 760 1334 841 colloquio
1363 780 1510 819 evo-

152 856 310 897 catus
334 883 353 911 ,
388 856 557 921 atque
593 842 669 899 ita
710 838 1005 921 opptess'us
1043 840 1151 899 fuit
1189 862 1208 914 ;
1250 838 1510 922 perfidiae

151 916 375 979 Punicae
420 920 854 979 documentum.
889 918 1158 981 Calatino
1189 919 1507 991 diciatore,

128 996 272 1058 fere
308 1002 507 1057 omnia
536 1000 796 1079 praesidia
831 999 1137 1059 Poenorum
1161 1046 1181 1071 ,
1215 1000 1506 1082 Agrigen-

152 1096 217 1139 to
244 1125 263 1152 ‚
303 1078 593 1158 Drepanis
631 1122 649 1150 ‚
685 1079 971 1138 Panormo
1000 1128 1015 1150 ,
1056 1080 1248 1160 Eryce
1275 1124 1298 1150 ,
1340 1080 1508 1160 Lily-

150 1159 281 1218 baeo
304 1204 323 1231 ‚
356 1159 617 1219 detraxit.
640 1158 1021 1239 Trepidatum
1047 1160 1128 1219 est
1153 1159 1328 1220 semel
1361 1162 1510 1220 circa

152 1236 652 1299 Camerinensium
698 1238 896 1299 saltum
938 1262 951 1299 :
994 1240 1093 1299 sed
1138 1241 1344 1301 eximia
1387 1243 1510 1300 vit-

152 1337 277 1380 tute
334 1316 631 1400 Calpurnii
672 1320 943 1379 Flammae
996 1322 1206 1399 tribuni
1257 1323 1509 1384 militum

152 1402 439 1460 evasimus
464 1446 481 1474 ‚
524 1404 621 1483 qui
662 1400 807 1461 lecta
850 1410 1237 1462 trecentorum
1283 1424 1453 1463 manu
1477 1448 1503 1474 ,

148 1480 416 1541 infestum
442 1484 505 1543 δε
537 1479 793 1541 inseffum
830 1484 903 1542 ab
928 1482 1182 1542 hostibus
1213 1484 1505 1543 tumulum

81 1562 85 1567 ’
148 1564 489 1641 occupavit,
510 1563 776 1644 adeoque
803 1582 1056 1623 moratus
1076 1562 1298 1623 hostem
1316 1608 1336 1635 ‚
1364 1564 1507 1623 dum

150 1646 433 1703 exercitus
468 1646 653 1701 omnis
688 1642 965 1701 evaderet
994 1665 1008 1703 z
1039 1664 1101 1701 ac
1134 1646 1212 1702 sic
1285 1643 1506 1701 ulcher-

134 1724 301 1783 ·rimo
344 1724 500 1783 exitu
550 1721 1084 1803 Thermopylarum
1123 1725 1186 1785 ὃ(
1279 1724 1505 1783 eonidae

146 1800 361 1863 famam
398 1802 518 1862 adae
562 1804 719 1863 uavit
753 1826 769 1864 ε
808 1804 921 1863 hbe
958 1803 1230 1864 illustrior
1264 1803 1505 1877 noster,

147 1884 311 1965 quod
362 1904 509 1965 expe
555 1886 717 1943 itioni
763 1900 935 1945 tantae
983 1884 1041 1944 su
1089 1884 1256 1945 erfuit
1302 1888 1366 1946 &
1413 1884 1506 1945 su-

192 1966 399 2023 ervixit
434 2008 453 2036 ,
502 1963 635 2025 licet
688 1965 827 2025 nihil
879 1908 1156 2046 scripiigrit
1211 1965 1511 2047 sanguine.'

146 1986 332 2105 {ucio
374 2042 653 2105 Cornelio
689 2044 1005 2126 Scipione,
1043 2067 1220 2126 quum
1261 2044 1378 2122 jam
1415 2046 1507 2105 Si-

146 2124 284 2185 cilia
316 2123 630 2185 suburbana
668 2124 805 2185 ess'et
840 2128 1044 2206 populi
1081 2126 1326 2186 Romani
1361 2146 1506 2205 pro·-

144 2207 337 2267 vincia
374 2226 393 2277 3
432 2203 691 2286 serpente
728 2206 895 2265 latius
931 2206 1090 2265 bello
1126 2251 1146 2276 ‚
1186 2204 1506 2266 Sardiniam

146 2306 543 2367 annexamque
578 2288 631 2345 ei
663 2283 965 2346 Corsicam
1002 2289 1199 2346 transit
1231 2307 1246 2345 ε
1274 2288 1352 2345 ibi
1389 2284 1505 2345 Ol-

144 2367 257 2426 biae
279 2412 298 2439 ‚
335 2369 397 2429 &
439 2368 534 2426 hic
570 2366 786 2427 Aleriae
828 2368 982 2427 urbis
1022 2368 1250 2427 excidio
1285 2368 1504 2427 incolas

145 2449 351 2506 terruit
388 2491 408 2519 ,
460 2449 725 2529 adeoque
780 2468 981 2508 omnes
1031 2450 1210 2508 terra·
1241 2449 1502 2529 marique

144 2526 363 2588 Poenos
402 2530 788 2609 expugnavit,
828 2546 890 2588 ut
920 2527 1040 2608 jam
1076 2528 1332 2589 vicioriae
1361 2529 1504 2589 nihil

144 2609 260 2667 nisi
309 2604 505 2665 Africa
570 2606 689 2687 ipsa
740 2607 992 2669 restaret.
1053 2609 1260 2669 Marco
1319 2609 1502 2669 Atilio

147 2686 380 2767 Regulo
436 2688 581 2747 duce
633 2685 751 2767 jam
792 2692 849 2747 in
890 2689 1146 2749 Africam
1199 2689 1504 2771 navigabat

54 2852 63 2858 -
145 2767 391 2831 bellum.
437 2768 567 2831 Nec
626 2768 865 2831 deerant
904 2813 924 2846 ,
971 2772 1072 2853 qui
1121 2768 1252 2932 ,ἰέΓὲ
1303 2769 1499 2832 Punici
