2067 3667
466 301 745 370 str.
800 268 1120 371 Lmen
1175 302 1233 370 I.
1483 323 1539 397 3-

251 418 339 480 ΙΙ.
380 416 539 478 Tum
564 462 584 493 ,
627 416 751 479 fere
798 440 949 479 anno
994 410 1356 500 oEtogesitno
1397 419 1530 501 post

160 498 411 579 Troiam
444 517 671 581 captam
696 542 717 571 ,
749 502 1072 561 centesimo
1109 502 1174 562 &
1205 502 1488 561 vicesimo
1509 546 1532 577 ,

162 581 342 663 quem
372 579 657 641 Hercules
697 580 771 639 ad
808 580 979 641 Deos
1022 579 1332 642 excess'erat
1357 628 1378 657 ,
1421 580 1534 644 Pe-

163 663 322 743 lopis
348 664 655 743 progenies
678 703 699 733 ,
726 674 870 743 quae‘
890 664 1054 723 omni
1085 662 1199 722 hoc
1226 679 1532 745 tempore,

160 743 346 825 pulsis
381 742 705 804 Heraclidis
729 786 749 815 ,
785 741 1180 824 Peloponnesi
1221 744 1532 833 imperium
1623 744 1626 749 ’

164 824 496 883 obtinuerat
520 865 540 897 ‚
584 825 656 885 ab
694 821 963 883 Herculis
1002 816 1283 907 progenie
1321 825 1532 907 ‘expel-

162 905 321 966 litur.
362 902 568 965 Duces
611 924 745 964 recu
792 904 987 964 eraudi
1034 906 1264 986 imperii
1291 902 1468 966 ’fuere
1501 948 1528 980 ,

160 984 465 1046 Temenus
493 1030 514 1059 ,
564 926 957 1124 Ctesiphontes
986 1026 1006 1056 ,
1059 984 1466 1046 Aristodemus
1503 1028 1526 1057 ,

162 1086 417 1149 quorum
456 1082 652 1127 atavus
716 1082 896 1125 uerat.
934 1065 1163 1125 Eodem
1217 1064 1338 1125 fere
1375 1081 1528 1125 tem-

164 1168 311 1227 pore
347 1147 597 1207 Athenae
628 1145 729 1205 sub
774 1166 836 1205 re
877 1145 1005 1205 ibus
1039 1144 1152 1204 effe
1189 1144 1482 1206 desierunt
1502 1166 1526 1219 ;

206 1248 415 1289 uorum
444 1227 678 1287 ultimus
710 1246 811 1286 rex
870 1228 951 1287 uit
981 1222 1215 1286 Codrus
1239 1270 1261 1301 ,
1295 1224 1527 1287 Melan-

160 1326 187 1369 t
229 1312 248 1369 i
276 1306 427 1369 filius
448 1351 469 1381 ,
496 1308 591 1369 vir
622 1328 741 1369 non
766 1306 1232 1390 praetereundus:
1266 1309 1533 1389 quippe;

160 1412 345 1473 quum
394 1388 820 1450 Lacedaemonii
910 1390 1033 1450 ravi
1083 1388 1246 1448 bello
1289 1386 1527 1449 Atticos

159 1488 494 1553 premerent
514 1516 533 1544 ‚
556 1467 654 1529 res
684 1470 825 1531 ondi
874 1487 1046 1551 etque
1065 1468 1309 1551 Pythius
1330 1514 1351 1543 ,
1381 1490 1531 1553 quo-

158 1570 293 1612 rum
310 1551 520 1612 duxab
538 1551 615 1611 ho
669 1570 702 1611 e
727 1548 867 1611 effet
884 1548 1105 1611 occicus
1127 1589 1147 1622 ,
1173 1570 1278 1611 eos
1298 1548 1527 1611 futuros

160 1633 487 1714 superiores
506 1653 527 1705 ;
552 1626 823 1713 deposita
846 1628 1009 1693 veste
1034 1629 1193 1712 regia
1213 1672 1234 1702 ,
1263 1626 1526 1711 pastora-

158 1716 290 1774 lem
322 1714 555 1774 -cultum
596 1713 787 1773 induit
808 1750 828 1785 ‚
874 1709 1280 1792 immixtusque
1327 1706 1524 1772 castris

158 1792 415 1855 hostium
446 1794 519 1855 de
550 1792 855 1863 industria,
884 1791 1311 1873 imprudenter,
1335 1792 1523 1852 rixam

158 1878 358 1951 ciens,
384 1877 764 1956 interemptus
788 1872 889 1935 est.
918 1871 1183 1934 Codrum
1205 1889 1342 1933 cum
1366 1889 1526 1934 mor-

152 1974 223 2018 te
263 1971 477 2017 aeterna
514 1956 697 2038 gloria
724 2000 745 2032 ‚
786 1951 1172 2015 Athenienses
1203 1950 1396 2014 secuta
1429 1952 1527 2015 vi-

158 2035 345 2097 &oria
387 2032 490 2098 est.
544 2035 704 2115 Quis
746 2054 882 2095 eum
925 2053 1048 2095 non
1091 2034 1330 2094 miretur
1351 2072 1374 2107 ,
1417 2034 1520 2117 qui

154 2120 251 2179 his
292 2118 509 2179 artibus
546 2130 799 2177 mortem
833 2115 1121 2197 quaesierit
1145 2158 1164 2189 ‚
1239 2114 1410 2173 uibus·
1443 2114 1523 2174 ab

156 2202 179 2259 i
264 2201 387 2259 avis
420 2199 537 2259 vita
608 2198 743 2256 uaeri
776 2194 959 2256 solet?
987 2193 1179 2275 Hujus
1256 2194 1362 2253 lius
1386 2192 1524 2273 Me·

153 2218 287 2340 gn
320 2281 539 2361 primus
564 2218 808 2337 {rehon
835 2275 1080 2357 Athenis
1115 2272 1239 2334 fuit.
1267 2272 1366 2334 Ab
1401 2273 1520 2335 hoc

156 2359 383 2443 posteri
424 2358 579 2441 apud
618 2356 863 2418 ‘Atticos
916 2354 1053 2415 dieii
1101 2352 1466 2416 Medontidae
1502 2376 1522 2415 z

154 2441 267 2504 sed
293 2443 379 2514 ii,
414 2435 890 2521 insequentesque
925 2435 1254 2499 Archontes
1279 2476 1298 2509 ,
1335 2431 1520 2517 usque

156 2522 239 2584 ad
278 2519 477 2583 Charo
522 2538 617 2580 em
638 2564 658 2594 ‚
694 2518 841 2579 dum
880 2520 1189 2591 viverent,
1229 2532 1366 2577 eum
1405 2516 1520 2577 ho-

154 2620 373 2665 norem
413 2624 453 2663 u
480 2622 517 2661 u
588 2600 773 2661 abant.
819 2598 1280 2683 Peloponnesii,
1325 2597 1520 2680 digre-

151 2686 395 2746 dientes
438 2682 545 2743 fini-
623 2704 649 2742 s
702 2680 911 2742 Atticis
933 2724 952 2753 ‚
1000 2680 1300 2763 Megaram
1321 2722 1342 2753 ,
1384 2696 1520 2739 me·-
1628 2718 1632 2721 -

147 2767 324 2829 diam
347 2762 648 2831 Corintho
676 2758 1044 2845 ‘A‘thenisque
1081 2761 1334 2919 mme'j’
1372 2778 1520 2836 con-3

363 2858 369 2863 ’
1271 2862 1291 2899 1
