2067 3667
531 309 808 383 Htsr.
858 313 1172 382 LIBER
1222 311 1333 381 II.
1460 335 1595 407 139

241 449 656 491 cotnannotum
683 452 702 504 3
733 451 864 514 quae
898 429 1273 492 Maroboduo
1299 431 1455 492 duce
1491 451 1595 491 ex-

239 513 352 571 eita
383 508 608 572 sedibus
643 509 752 572 suis
783 555 803 581 ,
836 513 1015 593 atque
1047 515 1109 572 ‘m
1140 513 1409 572 interiora
1443 511 1601 572 refu-

241 594 402 674 giens
423 635 444 663 ‚
475 590 752 654 incinaos
785 591 1103 672 Hercyniae
1138 591 1318 674 sylvae
1354 613 1599 672 campos

239 671 548 732 incolebat.
577 671 754 732 Nulla
785 671 1071 734 festinatio
1101 671 1269 733 hu'us
1300 675 1409 733 viri
1432 694 1597 734 men-

239 754 464 813 tionem
513 749 826 834 transgredi
875 753 1075 814 debet.
1126 697 1530 814 Nlarohoduus
1572 795 1603 827 ,.

239 852 457 917 genere
493 834 706 894 nobilis
726 876 749 908 ‚
784 855 1032 915 corpore
1070 837 1389 915 praevalens
1415 878 1435 908 ‚
1475 837 1597 894 ani-

240 935 343 974 mo
390 911 559 974 ferox
597 960 615 985 ,
654 915 886 976 natione
929 917 1111 998 magis
1156 916 1598 998 quium-*ratione

239 993 514 1055 barbarus
536 1035 556 1065 ‚
591 1015 712 1054 non
747 994 1177 1055 tumultuarium
1196 1038 1217 1067 ‚
1250 1015 1440 1076 neque
1477 995 1597 1054 for-

241 1077 448 1136 mitum
470 1118 490 1148 ‚
527 1093 718 1156 neque
759 1076 1043 1136 mobilem
1079 1077 1144 1135 &
1180 1096 1253 1134 ex
1293 1075 1599 1135 voluntate

240 1157 567 1238 parentium
613 1153 970 1216 constantem
1008 1201 1026 1229 ,
1062 1157 1211 1214 inter
1251 1153 1380 1214 suos
1420 1175 1597 1216 occu·-

242 1238 406 1318 pavit
431 1237 810 1318 princi-patum
833 1258 853 1311 ;
883 1235 983 1298 sed
1007 1253 1231 1296 certum
1252 1237 1557 1316 imperium
1574 1278 1597 1308 ‚

242 1319 482 1398 vimque
513 1319 730 1400 regiam
752 1317 1089 1400 complexus
1110 1317 1305 1375 animo
1326 1358 1346 1389 ,
1368 1315 1559 1376 statuit
1572 1359 1601 1388 ,

243 1397 486 1458 avocata
524 1397 728 1479 procul
761 1419 794 1458 a
826 1397 1105 1459 Romanis
1142 1414 1313 1480 gente
1350 1395 1481 1471 sua,
1520 1398 1603 1456 eb

242 1478 516 1560 progredi
543 1522 562 1550 ‚
603 1477 702 1538 ubi
723 1521 746 1552 ‚
779 1500 957 1560 quum
993 1495 1233 1559 propter
1268 1480 1600 1562 pogenfiora

243 1579 401 1618 arma
439 1557 723 1638 refugisset
746 1602 766 1632 ‚
799 1561 896 1617 {ua
929 1557 1142 1617 faceret
1179 1559 1595 1638 potentissima.

245 1635 569 1716 Occupatis
587 1639 756 1717 igitur
774 1681 795 1708 ,
815 1658 962 1717 quos
988 1635 1354 1717 >praediximus
1372 1680 1393 1708 ‚
1416 1637 1559 1696 locis
1573 1681 1604 1709 ,

246 1715 523 1778 finitimos
569 1737 774 1776 omnes
821 1734 917 1776 aut
968 1716 1127 1775 hello
1178 1716 1400 1776 domuit
1432 1759 1454 1790 ,
1500 1733 1605 1778 aut

247 1798 676 1859 conditionibus
708 1794 846 1876 juris
884 1795 964 1856 sui
1001 1795 1159 1856 fecit.
1404 1838 1412 1846 ι

329 1876 518 1939 CIX.
565 1875 796 1958 Corpus
831 1875 991 1937 suum
1024 1876 1319 1949 custodi-⁵1,
1340 1895 1465 1938 tum
1488 1878 1605 1938 im·

245 1961 472 2042 perium
495 1960 786 2041 perpetuis
819 1979 1107 2018 armorum
1133 1961 1413 2022 exercitiis
1446 1979 1605 2039 pene

249 2040 326 2098 ad
351 2039 627 2099 Romanae
653 2039 960 2121 disciplina}
985 2037 1237 2114 formam
1268 2038 1556 2098 redaEium
1576 2082 1608 2110 2

249 2117 418 2178 brevi
457 2120 516 2177 in
558 2122 815 2180 eminens
862 2121 928 2179 δι.
971 2118 1169 2178 nostro
1212 2138 1443 2198 quoque
1490 2121 1602 2176 im·-

250 2200 419 2280 perio
465 2200 783 2258 timendum
825 2199 1091 2278 perduxit
1128 2196 1407 2278 fastigium
1441 2219 1459 2270 ;
1499 2218 1607 2280 ge-

251 2279 528 2358 rebatque
553 2277 610 2338 se
637 2281 716 2338 ita
740 2277 1016 2337 adversus
1038 2277 1338 2337 Romanos
1358 2321 1378 2349 ,
1404 2296 1467 2336 ut
1504 2299 1607 2337 ne-

251 2381 364 2441 que
403 2360 562 2420 bello
603 2379 713 2418 nos
752 2355 1041 2418 }acefferet
1066 2403 1093 2433 ,
1124 2360 1187 2418 &
1228 2359 1273 2416 si
1310 2355 1604 2418 laceffere-

254 2456 346 2499 tur
366 2483 386 2510 ‚
409 2438 690 2520 superesse
727 2440 846 2500 sibi*
871 2443 996 2498 vim
1021 2461 1087 2500 ac
1120 2437 1476 2499 voluntatem
1510 2459 1613 2498 te·-

257 2517 483 2578 sistendi
526 2521 854 2582 declararet.
888 2520 1125 2601 Legati,
1160 2539 1307 2600 quos
1342 2519 1605 2580 mittebat

255 2598 330 2658 ad
365 2596 614 2658 Caesares
635 2645 653 2673 ,
679 2601 964 2661 interdum
997 2620 1060 2660 ut
1090 2599 1403 2681 supplicem
1438 2621 1605 2660 com-

256 2679 641 2750 mendabant,
677 2681 961 2740 interdum
1001 2698 1067 2740 ut
1096 2700 1205 2759 pro
1241 2683 1363 2760 pari
1404 2681 1605 2760 loque·-

256 2761 484 2824 banau.
529 2758 818 2824 Gennhus
866 2758 1302 2842 hominibusque
1352 2782 1389 2823 a
1433 2761 1617 2824 nobis»
