2067 3667
439 308 940 378 -ιι-Βεκ
1033 303 1219 378 ΙΙΙ.
1422 323 1555 401 103

202 425 498 488 addiderat
531 426 730 487 virtuti
767 424 970 486 dolum
985 467 1006 496 ,
1050 421 1323 504 sequutus
1368 421 1563 486 Anni-³

201 507 396 572 halem
425 549 449 578 ,
486 523 668 570 artem
712 527 789 566 ue
821 502 1155 570 Cannarum
1194 526 1210 563 ε
1255 505 1505 583 primum
1533 545 1567 577 ‚

201 585 544 654 nebulosum
582 609 658 648 na
751 608 778 646 s
817 585 976 649 diem
999 629 1026 659 ,
1068 601 1133 647 ut
1169 581 1320 646 hosti
1362 586 1559 666 inopi·-

201 686 364 730 natus
389 684 756 741 occurreret3
788 683 914 730 tum
935 663 1256 728 ventosum
1274 686 1511 748 quoque
1531 695 1569 740 ,-

203 765 268 812 ur
301 749 491 830 pulvis
523 751 583 812 in
619 747 824 812 oculos
856 749 924 810 &
957 767 1060 810 ora
1089 745 1337 812 ferretur
1366 767 1389 820 3
1427 764 1557 806 tum

203 832 324 892 acie
366 831 650 894 conversa
697 832 756 890 in
813 825 1121 894 Orientem
1156 872 1177 898 ‚
1224 845 1290 892 ut
1317 872 1338 902 ,
1389 825 1557 908 quod

204 931 276 974 ex
307 913 550 992 captivis
588 930 731 972 mox
770 911 1069 992 cognitum
1102 905 1184 968 est
1200 951 1221 980 ,
1257 927 1331 968 ex
1366 903 1568 988 splen-.-

201 991 348 1052 dore
389 991 676 1074 galearum
707 1033 728 1062 ‚
768 1010 836 1050 ac
872 985 1200 1070 repercuffu
1225 1029 1249 1058 ,,
1279 989 1439 1069 quasi
1468 1008 1561 1054 ar-‚

201 1071 360 1135 dere.
379 1072 593 1134 coelum
637 1070 955 1134 videretur.
1001 1068 1133 1130 Nec
1179 1069 1369 1138 minor
1416 1087 1569 1128 cum:

199 1152 475 1230 uxoribus
517 1170 736 1214 eorum.
799 1171 950 1234 ugna
969 1191 988 1220 ,
1027 1148 1207 1232 qnam
1238 1169 1372 1210 curn
1410 1149 1573 1230 ipsis-

199 1231 359 1307 fuit.;
395 1253 575 1315 quum
611 1170 850 1313 obicitis
879 1231 1139 1316 undique
1174 1228 1435 1312 plaustris
1467 1245 1563 1294 att·

200 1334 313 1396 que
359 1334 455 1373 car
498 1315 684 1386 entis,
721 1311 852 1372 altae
887 1311 1132 1394 desuper
1171 1313 1332 1394 quasi
1364 1331 1397 1372 e
1435 1305 1571 1369 rur·'

196 1393 358 1455 ribus
377 1438 396 1469 ‚
545 1395 662 1454 cais
700 1389 998 1474 contisque
1044 1409 1383 1476 pugnarent.
1418 1389 1554 1452 Per·-

195 1475 334 1535 inde
389 1471 643 1555 speciosa
694 1496 856 1534 mors
911 1494 1113 1534 earum
1158 1473 1266 1534 fuit
1302 1520 1321 1544 ,
1378 1471 1555 1556 quam

197 1576 412 1638 pugna.
445 1554 602 1616 Nam
640 1575 819 1640 quum
855 1552 1016 1614 miss'a
1052 1553 1125 1614 ad
1169 1553 1421 1613 Marium
1464 1553 1557 1613 le-

197 1639 434 1719 gatione
455 1681 473 1706 ,
517 1635 844 1706 libertatern
889 1655 954 1704 ac
1001 1631 1390 1703 sacerdotium
1432 1653 1557 1694 non

197 1715 590 1797 impetrassent
659 1714 688 1798 (
734 1737 843 1778 nec
889 1713 974 1780 fas
1017 1732 1138 1774 erat
1182 1713 1213 1796 )
1270 1711 1559 1783 suffocatis

199 1797 466 1880 elisisque
503 1799 718 1880 passim
755 1795 1065 1858 infantibus
1102 1793 1213 1857 suis
1235 1839 1254 1871 ,
1300 1813 1396 1858 aut
1426 1809 1559 1860 mua*

196 1881 313 1942 tuis
347 1879 656 1942 concidere
691 1879 1024 1958 vulneribus
1048 1926 1071 1952 ,
1104 1897 1201 1942 aut
1234 1879 1471 1943 vinculo
1520 1899 1561 1944 e

197 1963 453 2024 crinibus
491 1959 610 2021 suis
637 1957 825 2034 fado,
852 1961 924 2020 ab
957 1961 1259 2022 arboribus
1295 1961 1561 2046 jugisque

192 2041 588 2134 plaustrorum
628 2043 1321 2129 pependerunt.·Boiorix
1357 2065 1458 2104 rex
1492 2046 1560 2112 in

193 2132 324 2192 acie
367 2130 648 2190 dimicans
687 2129 932 2208 impigre
967 2145 1081 2184 nec
1118 2123 1331 2184 inultus
1376 2145 1559 2185 occu·

191 2211 343 2274 buit.
402 2208 606 2270 Tertia
649 2206 726 2268 Ti
769 2209 1063 2267 urinorum
1118 2225 1315 2265 manus
1350 2249 1375 2276 ,
1424 2223 1569 2286 quae·

196 2293 362 2374 quasi
401 2289 656 2351 subsidio
753 2289 950 2348 oricos
987 2283 1271 2346 insederat
1308 2282 1557 2366 Alpium

195 2370 456 2434 tumulos
490 2418 509 2447 ,
541 2374 604 2430 in
643 2368 866 2431 diversa
897 2367 1040 2448 lapsi
1070 2409 1095 2440 .,
1134 2366 1271 2449 fuga
1309 2367 1557 2449 ‚ignobili

196 2455 266 2516 &
313 2453 626 2514 latrociniis
665 2452 917 2512 evanuit.
957 2449 1131 2508 Hunc
1166 2465 1286 2508 tam
1319 2449 1513 2508 laetum
1532 2491 1559 2524 ,

195 2527 438 2614 tamque
476 2533 710 2594 felicem
745 2529 1004 2594 liberatae
1038 2529 1217 2592 Italia
1248 2526 1557 2613 afferrique

194 2617 432 2696 imperii
480 2616 742 2675 nuntium
795 2633 924 2676 non·
955 2631 1065 2694 per
1112 2613 1381 2672 homines
1416 2656 1437 2685 ,
1488 2627 1557 2672 ut

193 2695 422 2756 solebat
458 2739 478 2768 ‚
519 2695 770 2777 populns
808 2693 1108 2755 Romanus
1148 2694 1413 2773 accepit,
1452 2690 1573 2757 sed·

193 2797 306 2858 per
325 2774 514 2859 ipsos,
535 2777 586 2838 si
608 2776 844 2851 credere
871 2773 954 2848 fas
982 2771 1096 2849 est,
1121 2773 1285 2914 degs.
1304 2771 1564 2854 Quippe
