2067 3667
542 305 678 356 122
824 283 901 352 L.
950 281 1326 354 ΑΝΝΛει
1377 283 1680 354 Γιοιυ

532 405 661 466 iter.
680 399 799 464 Sed
828 401 923 462 ille
950 401 1133 484 qualis
1165 417 1286 462 erat
1319 401 1393 461 ad
1419 403 1686 462 nuntium
1715 400 1894 484 (rem

530 484 877 546 felicissimae
918 483 1254 543 temeritatis
1301 480 1369 564 i)
1422 503 1528 563 per
1579 483 1772 544 invios
1820 485 1895 545 ad

532 566 599 626 id
636 582 865 646 tempus
908 565 1201 626 montium
1243 562 1496 625 tumulos
1517 608 1538 638 ‚
1571 585 1678 644 per
1717 568 1896 626 intac-

530 663 622 706 tas
653 646 776 707 vias
816 645 883 707 δε
916 645 1082 706 nives
1109 688 1132 720 ‚
1177 641 1450 726 expedit&
1489 665 1664 705 manu
1701 665 1894 706 emer-

531 725 623 786 sus
668 743 917 808 occupat
969 721 1226 787 Galliam
1249 770 1271 801 ,
1315 725 1381 788 &
1435 745 1508 785 ex
1561 723 1892 788 distantibus

532 807 575 866 h
622 806 812 867 bernis
832 804 1014 866 castra
1038 807 1320 867 contraxit
1341 829 1362 880 3
1385 807 1451 868 &
1469 806 1602 868 ante
1622 808 1681 866 in
1699 807 1893 868 media

529 829 727 950 Gyiillia
742 886 847 947 fuit
862 932 883 959 ,
942 884 1074 948 u⁸am
1093 887 1164 948 ab
1187 886 1386 948 ultima
1400 887 1715 949 timeretur.
1731 887 1894 948 Tum

530 966 655 1049 ipsa
696 969 885 1049 capita
965 968 1062 1028 elli
1107 965 1422 1050 aggress‘us,
1455 967 1632 1028 urbes‘
1666 990 1688 1042 ;
1725 967 1895 1030 Ava-

528 1051 715 1110 ricum
760 1069 895 1109 cum
898 1047 1318 1190 ¹11Quadraginta
1367 1048 1620 1110 millibus
1670 1069 1894 1131 propu-

530 1131 829 1212 gnantium
877 1127 910 1190 s
984 1129 1089 1189 ulit
1129 1152 1146 1190 t
1193 1128 1468 1191 Alexiam
1507 1129 1893 1190 ducentorum

576 1211 943 1301 uinquaginta
976 1209 1223 1270 millium
1259 1207 1560 1287 juventute
1594 1204 1894 1271 subnixam

529 1231 783 1351 flammis
810 1292 1158 1373 adaequavit.
1184 1287 1356 1352 Circa
1383 1287 1748 1374 Gergoviam
1777 1289 1896 1352 Ar-

532 1391 851 1432 vernorum
893 1388 1017 1432 tota
1054 1369 1194 1431 belli
1237 1371 1424 1433 moles
1467 1369 1574 1432 fuit
1613 1393 1628 1432 τ
1674 1373 1897 1454 quippe

536 1471 716 1532 quum
747 1451 1038 1533 odioginta
1067 1451 1250 1512 millia
1275 1472 1486 1524 muro,
1523 1453 1589 1513 &
1625 1473 1756 1513 arce
1777 1496 1798 1524 ,
1828 1455 1898 1516 δι

532 1531 795 1614 abruptis
839 1531 1219 1595 defenderent
1255 1576 1276 1606 ,
1322 1535 1635 1592 maximam
1689 1534 1901 1594 civita-

534 1627 659 1676 tem
690 1614 850 1674 vallo
870 1658 889 1683 ‚
924 1611 1190 1683 sudibus,
1220 1614 1284 1676 &
1325 1610 1471 1674 foss'ai
1492 1659 1514 1688 ,
1545 1611 1900 1696 inducioque

532 1691 695 1754 foss'ae
728 1695 996 1766 flumine,
1018 1693 1093 1754 ad
1127 1692 1241 1755 hoc
1269 1693 1477 1755 decem
1505 1693 1573 1755 &
1601 1691 1732 1754 οᾶο
1773 1691 1902 1756 cas-

531 1774 689 1834 tellis
730 1817 753 1848 ,
788 1777 849 1838 in
886 1775 1118 1858 entique
1176 1774 1358 1836 lorica
1419 1774 1830 1836 circumdatam
1877 1821 1898 1847 ,
2058 1781 2064 1818 ⁴

537 1855 793 1936 primum
877 1875 1005 1916 ame
1056 1855 1280 1916 domuit
1323 1877 1344 1929 3
1386 1876 1530 1916 mox
1583 1854 1909 1918 audentem

537 1937 873 2016 eruptiones
892 1978 913 2008 ,
966 1938 1029 1995 in
1077 1935 1235 1995 vallo
1292 1935 1496 2018 gladiis
1549 1932 1787 1996 sudibus
1817 1957 1904 1998 ue

540 2017 798 2077 concidit
830 2037 846 2076 z
884 2017 1200 2078 novissime
1235 2016 1294 2076 in
1327 2016 1684 2076 deditionem
1725 2037 1789 2077 re
1839 2037 1906 2078 e·

538 2098 643 2178 git.
676 2094 805 2178 Ipse
836 2096 935 2157 ille
976 2117 1080 2158 rex
1099 2141 1120 2168 ,
1158 2099 1474 2158 maximum
1506 2095 1767 2158 vicioriae
1797 2097 1910 2160 de·

526 2199 645 2240 sus
666 2224 695 2252 ,‚
733 2176 833 2258 sup
875 2178 969 2238 lex
1022 2199 1202 2260 quum
1250 2179 1310 2238 in
1366 2175 1543 2240 castra
1606 2175 1860 2240 venisset
1885 2223 1910 2254 ‚

530 2275 668 2318 sum
696 2258 762 2319 &
795 2280 834 2340 p
874 2258 1058 2320 aleras
1089 2259 1155 2320 &
1187 2256 1285 2319 sua
1311 2279 1472 2322 arma
1490 2273 1632 2328 autes
1655 2255 1912 2320 Caesaris

514 2358 731 2420 genua
777 2337 1023 2420 projecit
1073 2361 1089 2400 ε
1139 2341 1337 2400 Habes
1361 2383 1384 2415 ,
1429 2341 1660 2423 inquit-3
1678 2341 1913 2404 Fortem

528 2420 719 2480 ,virum
732 2461 755 2494 ,
788 2421 877 2492 vi:
894 2415 1236 2500 fortissime,
1273 2421 1472 2504 vicisti.
