2067 3667
592 318 681 398 52
821 294 914 365 C.
972 262 1236 364 Vna.
1289 293 1404 369 ΡΑ
1431 309 1696 362 rane.

588 415 967 477 dissimulavit
994 435 1015 489 ;
1047 432 1154 473 nec
1172 455 1193 485 ,
1221 414 1380 494 quod
1406 429 1524 472 erat
1548 413 1609 471 in
1636 410 1936 485 manibusj

588 500 785 558 omisit
817 541 837 570 ‚
882 495 1336 575 existimavitque
1378 494 1510 553 ante
1557 491 1936 575 frangendum

586 576 813 640 hostem
833 622 851 648 ‚
887 576 1060 656 quam
1078 573 1466 637 ulciscendum
1493 574 1724 647 civem3
1748 572 1940 655 repul-

584 657 763 739 soque
806 677 1050 731 externo
1091 673 1250 716 metu
1287 698 1307 729 ‚
1345 654 1443 715 ubi
1485 654 1646 734 quod
1687 655 1938 715 alienum

584 738 725 799 esset
754 736 974 799 vicisset
992 781 1015 809 ,
1045 734 1332 817 superaret
1363 736 1524 817 quod
1557 751 1678 795 erat
1711 732 1940 797 domes-

571 822 785 879 ·ticum.
832 817 989 878 Ante
1033 817 1348 878 adventum
1399 816 1466 877 L.
1510 813 1677 879 Sullae
1699 859 1716 888 ,
1751 814 1940 877 Cinna

572 899 867 965 -seditione
893 898 1023 960 orta
1046 898 1116 957 ab
1145 899 1394 959 exercitu
1419 899 1792 976 interemptus
1819 895 1901 956 est
1916 918 1938 969 3

584 984 679 1041 vir
711 981 937 1063 dignior
960 1021 981 1051 ,
1020 980 1119 1059 qui
1157 978 1389 1039 arbitrio
1421 975 1938 1040 viRorum,more-

584 1078 782 1135 retur,
820 1060 994 1143 quam
1038 1059 1326 1120 iracundia
1365 1058 1614 1119 militum
1650 1080 1665 1117 ε
1706 1056 1780 1120 de
1817 1078 1937 1139 quo

584 1143 731 1205 vere
767 1142 879 1203 dici
910 1139 1101 1222 potest
1126 1185 1146 1213 ‚
1179 1138 1374 1199 ausum
1405 1158 1538 1198 eum
1557 1182 1578 1213 ,
1606 1158 1732 1218 quae
1761 1159 1937 1200 nemo

550 1223 827 1284 ‚auderet
867 1221 1059 1283 bonus
1084 1266 1106 1293 ,
1152 1217 1444 1301 perfecisse
1469 1262 1493 1289 ,
1535 1239 1662 1301 quae
1705 1240 1740 1277 a
1778 1218 1939 1280 nullo

586 1305 701 1363 nisi
746 1302 1063 1376 fortissimo
1108 1299 1312 1379 perfici
1350 1298 1574 1381 poss'ent
1608 1300 1740 1373 ;-&
1780 1297 1940 1361 fuisse

588 1404 723 1443 eum
770 1385 830 1442 in
869 1381 1245 1443 consultando
1285 1381 1690 1451 temerarium,
1733 1382 1792 1439 in
1834 1400 1942 1441 ex·
1983 1396 1988 1403 ·

585 1462 649 1525 :se
692 1464 889 1524 nendo
937 1465 1145 1523 virum.
1197 1460 1394 1523 Carbo
1432 1503 1452 1534 ‚
1496 1460 1659 1520 nullo
1706 1458 1939 1527 sufficio

591 1546 745 1605 cole
788 1546 857 1614 ἃ,
894 1542 1050 1603 solus
1087 1558 1212 1603 toto
1245 1564 1396 1622 antio
1429 1539 1626 1602 consul
1655 1538 1777 1603 fuit.

584 1681 589 1687 .
677 1622 735 1685 X
800 1625 893 1689 V„
922 1624 1191 1694 PutareS,
1231 1620 1448 1683 Sullam
1477 1620 1692 1685 veniffe
1727 1625 1788 1681 in
1821 1620 1939 1687 Ita-

580 1705 733 1781 ἶῙίειῐῐι
758 1751 779 1779 ,
811 1726 929 1766 non
966 1705 1103 1765 belli
1133 1704 1424 1767 vindicem
1446 1746 1464 1777 ‚
1493 1702 1590 1763 sed
1627 1706 1780 1783 pacis
1809 1724 1939 1763 auc-

580 1804 788 1847 -torem
824 1809 837 1845 :
874 1802 1027 1845 tanta
1068 1806 1201 1844 cum
1244 1788 1440 1867 quiete
1483 1786 1798 1846 exercitum
1875 1804 1939 1844 er

594 1863 923 1927 Calabriam
982 1864 1370 1946 Apuliamque
1409 1911 1431 1938 ,
1487 1886 1619 1926 cum
1677 1868 1800 1945 sing
1859 1868 1940 1925 ari

582 1943 735 2021 ‘cura'
772 1945 1000 2029 frugum
1036 1992 1054 2020 ,
1095 1967 1366 2028 agrorum
1400 1992 1419 2020 ,
1453 1946 1755 2013 hominum
1782 1988 1803 2018 ‚
1842 1967 1941 2007 ur-

592 2027 757 2087 bium
777 2074 794 2098 ‚
821 2028 1092 2107 perduxit
1119 2030 1178 2087 in
1219 2024 1594 2109 Campaniam
1615 2071 1634 2101 ,
1671 2029 1944 2087 tentavit-

596 2128 713 2189 que
750 2105 905 2186 justis
946 2108 1165 2189 legibus
1203 2109 1266 2169 &
1303 2112 1480 2188 aequis
1518 2108 1942 2168 conditionibus

584 2189 820 2259 ,bellum
868 2209 1226 2270 componere
1273 2211 1288 2248 :
1333 2184 1428 2249 sed
1470 2190 1537 2249 iis
1567 2233 1586 2262 ,
1627 2189 1832 2268 quibus
1873 2190 1942 2251 &

580 2272 854 2351 -pessima
884 2271 947 2332 &
978 2269 1292 2337 immodica
1321 2269 1597 2351 cupiditas
1633 2286 1754 2329 erat
1772 2314 1792 2342 ‚
1822 2291 1943 2330 non

598 2367 829 2430 poterat
861 2370 971 2430 pax
1004 2352 1249 2430 placere.
1284 2346 1591 2413 Crescebat
1628 2351 1855 2409 interim
1877 2354 1942 2419 ¹in

581 2431 725 2495 ,dies
746 2429 917 2489 Sullae
937 2433 1220 2490 exercitus
1235 2474 1254 2501 ‚
1272 2429 1688 2492 confluentibus
1713 2430 1785 2489 ad
1807 2452 1944 2491 eum

580 2512 836 2589 ‚optimo
852 2530 1087 2591 quoque
1115 2512 1181 2572 δι
1203 2508 1512 2571 sanissimo.
1533 2510 1711 2571 Felici
1730 2511 1944 2572 deinde

578 2593 745 2649 -circa
779 2586 1042 2672 Capuam
1083 2608 1296 2657 eventu
1337 2589 1664 2673 Scipionem
1709 2590 1944 2653 Norba-

586 2690 855 2751 mumque
895 2669 1154 2731 consules
1192 2670 1250 2731 su
1297 2689 1418 2733 erat
1452 2696 1466 2733 z
1501 2692 1750 2756 quorum
1785 2672 1945 2735 Nor-

540 2805 552 2818 ,
578 2750 776 2815 abimus
808 2752 929 2813 acie
961 2750 1142 2833 viana
1173 2774 1196 2829 3
1227 2693 1422 2837 Szipio
1451 2755 1524 2817 ab
1554 2756 1810 2841 exercitu
1842 2752 1943 2819 suo
