2067 3667
620 267 1066 338 LIBER
1161 259 1294 339 I'J.
1531 271 1628 368 63

272 383 405 448 latis
442 382 743 467 transfugis
788 382 1040 446 Annibal
1077 429 1097 458 ,
1183 388 1241 446 ui
1287 406 1428 447 mox
1474 403 1638 471 terga

276 468 653 548 pugnantium
682 467 1048 539 ceciderunt,
1081 407 1306 548 influper
1338 468 1635 530 callidissi-

275 566 407 606 mus
452 548 772 628 imperator
813 593 833 622 ,
878 548 1202 627 patentibus
1249 549 1310 607 in
1354 553 1572 630 campis
1607 594 1635 624 ,

274 626 583 688 observato
624 628 742 688 loci
783 629 1011 709 ingenio
1050 673 1078 700 ,
1124 623 1283 711 q'ubd
1323 631 1387 690 &
1428 629 1512 690 sol
1551 630 1634 691 ibi

272 711 625 783 acerrimus,
666 710 731 770 &
768 707 1044 791 plurimus
1083 708 1312 790 pulvis,
1348 712 1414 772 &
1445 711 1630 775 Eurus

268 788 344 848 ab
379 787 625 850 Oriente
662 787 884 871 semper
916 791 1076 871 quasi
1109 792 1182 851 ad
1215 781 1634 868 constitutum-⁴,

266 869 347 930 ita
382 870 643 931 instruxit
672 874 855 932 aciem
875 918 893 940 ,
934 887 996 930 ut
1032 870 1310 930 Romanis
1349 873 1627 932 adversus

268 949 394 1012 haec
428 954 623 1011 omnia
649 951 905 1012 adversis
928 996 947 1023 ,
972 953 1132 1032 quasi
1163 950 1478 1012 secundum
1506 974 1625 1014 coe·

268 1029 391 1090 lum
424 1049 626 1090 tenens
643 1076 665 1106 ‚
685 1049 869 1092 vento
893 1075 911 1103 ‚
944 1031 1188 1112 pulvere
1207 1076 1227 1104 ‚
1251 1030 1368 1092 foke
1405 1053 1626 1113 pugna·

268 1129 379 1171 ret.
415 1110 615 1193 Itaque
648 1113 767 1172 duo
802 1113 1039 1172 maximi
1072 1114 1352 1171 exercitus
1388 1119 1518 1174 caesi
1551 1111 1626 1174 ad

267 1189 523 1271 hostium
557 1193 907 1266 satietatem,
942 1192 1134 1252 donec
1175 1191 1435 1252 Anniba}
1470 1193 1626 1254 dice-

266 1290 357 1332 ret
392 1274 560 1333 militi
592 1274 691 1335 suo
709 1317 735 1346 ,
769 1276 944 1334 Parce
1004 1295 1130 1333 erro.
1155 1271 1392 1334 Ducum
1426 1273 1629 1358 effugit
1662 1335 1669 1340 ,

264 1353 449 1428 alter,
480 1355 621 1416 alter
654 1353 873 1415 occisus
902 1367 960 1416 e‘
1020 1375 1036 1412 z
1077 1353 1316 1415 dubium
1347 1373 1476 1420 uter
1499 1377 1621 1416 ma·

257 1426 354 1514 ‘jor
380 1438 599 1516 auimo·
618 1435 875 1496 Paullum
900 1436 1102 1516 puduit
1117 1481 1136 1506 ,
1159 1433 1348 1496 Varro
1373 1458 1492 1497 non
1521 1437 1620 1498 de-

258 1515 529 1598 speravit.
562 1517 939 1578 Documenta
983 1515 1160 1576 cladis
1199 1536 1466 1578 cruentus
1515 1517 1626 1578 ali-

243 1599 537 1676 'quamdiu
580 1597 829 1658 Aufidus
862 1641 881 1669 ‚
921 1618 1070 1677 pons
1119 1596 1194 1656 de
1242 1597 1623 1658 cadaveribus

257 1673 405 1757 jussu
458 1677 617 1738 ducis
677 1676 851 1736 salitus
902 1678 961 1734 in
1005 1691 1263 1735 torrente
1311 1675 1616 1758 Vergelli;

260 1759 446 1818 modii
470 1760 587 1820 duo
618 1758 961 1818 annulorum
986 1753 1392 1838 Carthaginem
1423 1758 1625 1832 missi,

258 1838 611 1921 dignitasque
648 1836 921 1920 equestris
957 1854 1145 1897 taxata
1177 1835 1456 1897 mensura.
1491 1837 1618 1912 Du-

257 1920 419 1981 bium
454 1919 667 1982 deinde
706 1940 825 1980 non
868 1935 1026 1991 erat,
1064 1921 1202 2000 quin
1239 1917 1510 1980 uhimum
1547 1919 1616 1979 il-

257 1999 377 2062 lum
428 2003 585 2062 diem
632 2001 891 2060 habitura
933 1997 1108 2059 fuerit
1161 1999 1350 2058 Roma
1387 2045 1408 2073 ‚
1451 2001 1616 2080 quin.-

254 2097 495 2162 tumque
530 2083 675 2142 intra
710 2082 866 2142 diem
892 2101 923 2142 e
966 2080 1107 2140 ulari
1132 2078 1390 2140 Annibal-
1416 2081 1476 2138 in
1502 2077 1616 2140 Ca·-

255 2162 463 2244 pitolio
502 2165 755 2243 potuerit
788 2208 807 2232 ‚
840 2164 887 2220 si
1011 2160 1132 2220 uod
1164 2159 1408 2219 Poenum
1445 2159 1612 2220 illum

256 2242 455 2304 dixiffe
516 2242 914 2303 Maharbalem
961 2182 1308 2300 §imilconis
1355 2235 1613 2322 ferunt)

254 2325 522 2386 Annibal
558 2324 1000 2404 quemadmodum
1037 2319 1200 2400 fiiret
1232 2322 1440 2380 vincere
1463 2365 1483 2392 ‚
1527 2323 1618 2381 sic

256 2409 339 2466 uti
373 2409 596 2466 νὶἑῗονὶα
617 2403 815 2484 fimet.
852 2401 1009 2462 Tum
1039 2401 1278 2484 quidem
1309 2401 1468 2460 illum
1491 2445 1510 2476 ,
1543 2417 1608 2462 ut
1670 2441 1716 2456 .-

257 2486 376 2546 dici
410 2488 589 2567 vulgb
624 2485 804 2557 solet,
826 2500 922 2544 aut
957 2482 1138 2544 fatum
1172 2483 1326 2544 urbis
1360 2483 1608 2562 impera-

254 2581 399 2626 turae
424 2609 445 2638 ‚
478 2583 575 2626 aut
606 2568 781 2646 ipsius
818 2586 981 2626 mens
1014 2563 1204 2638 mala,
1242 2565 1307 2624 &
1343 2565 1532 2624 aversi
1569 2585 1608 2626 a

257 2643 603 2730 Carthagine
650 2647 733 2706 dii
754 2689 775 2718 ‚
813 2647 873 2704 in
910 2645 1197 2708 d1versum
1237 2641 1611 2706 abstulerunt.

250 2725 469 2814 Quum
519 2725 759 2794 vieoria
806 2723 991 2809 poss‘et
1034 2726 1122 2788 uti
1139 2767 1165 2802 ,
1201 2721 1314 2787 frui
1361 2725 1564 2790 maluit
1579 2769 1611 2805 a
