<?xml version="1.0" encoding="UTF-8"?>
<!DOCTYPE html PUBLIC "-//W3C//DTD XHTML 1.0 Transitional//EN"
    "http://www.w3.org/TR/xhtml1/DTD/xhtml1-transitional.dtd">
<html xmlns="http://www.w3.org/1999/xhtml" xml:lang="en" lang="en">
 <head>
  <title>
</title>
<meta http-equiv="Content-Type" content="text/html;charset=utf-8" />
  <meta name='ocr-system' content='tesseract 3.04.00' />
  <meta name='ocr-capabilities' content='ocr_page ocr_carea ocr_par ocr_line ocrx_word'/>
</head>
<body>
  <div class='ocr_page' id='page_1' title='image "./caiivelleiipate00lallgoog_0258.png"; bbox 0 0 2067 3667; ppageno 0'>
   <div class='ocr_carea' id='block_1_1' title="bbox 450 274 1542 351">
    <p class='ocr_par' dir='ltr' id='par_1_1' title="bbox 450 274 1542 351">
     <span class='ocr_line' id='line_1_1' title="bbox 450 274 1542 351; baseline -0.005 0"><span class='ocrx_word' id='word_1_1' title='bbox 450 274 547 351; x_wconf 71' lang='lat'><strong>‘68</strong></span> <span class='ocrx_word' id='word_1_2' title='bbox 696 279 773 347; x_wconf 89' lang='lat' dir='ltr'><strong>L.</strong></span> <span class='ocrx_word' id='word_1_3' title='bbox 824 278 1191 349; x_wconf 74' lang='lat' dir='ltr'><em>ANNAEI</em></span> <span class='ocrx_word' id='word_1_4' title='bbox 1239 280 1542 346; x_wconf 75' lang='lat' dir='ltr'><strong>FLoat</strong></span> 
     </span>
    </p>
   </div>
   <div class='ocr_carea' id='block_1_2' title="bbox 424 389 1830 2817">
    <p class='ocr_par' dir='ltr' id='par_1_2' title="bbox 424 389 1830 2817">
     <span class='ocr_line' id='line_1_2' title="bbox 454 389 1824 479; baseline -0.001 -21"><span class='ocrx_word' id='word_1_5' title='bbox 454 418 585 458; x_wconf 84' lang='lat' dir='ltr'><strong>rum</strong></span> <span class='ocrx_word' id='word_1_6' title='bbox 613 395 767 479; x_wconf 88' lang='lat' dir='ltr'><strong>ipsos</strong></span> <span class='ocrx_word' id='word_1_7' title='bbox 802 392 944 456; x_wconf 89' lang='lat' dir='ltr'><strong>deos</strong></span> <span class='ocrx_word' id='word_1_8' title='bbox 965 442 989 469; x_wconf 89' lang='lat'>,</span> <span class='ocrx_word' id='word_1_9' title='bbox 1027 391 1170 455; x_wconf 86' lang='lat' dir='ltr'><strong>deos</strong></span> <span class='ocrx_word' id='word_1_10' title='bbox 1191 440 1211 470; x_wconf 92' lang='lat'><strong>,</strong></span> <span class='ocrx_word' id='word_1_11' title='bbox 1253 397 1312 455; x_wconf 92' lang='lat' dir='ltr'><strong>in</strong></span> <span class='ocrx_word' id='word_1_12' title='bbox 1355 416 1488 454; x_wconf 91' lang='lat' dir='ltr'><strong>uam</strong></span> <span class='ocrx_word' id='word_1_13' title='bbox 1529 391 1690 477; x_wconf 83' lang='lat' dir='ltr'><strong>(nec</strong></span> <span class='ocrx_word' id='word_1_14' title='bbox 1723 389 1824 456; x_wconf 52' lang='lat' dir='ltr'><strong>fa-ss‘</strong></span> 
     </span>
     <span class='ocr_line' id='line_1_3' title="bbox 458 475 1818 559; baseline -0.003 -20"><span class='ocrx_word' id='word_1_15' title='bbox 458 482 567 539; x_wconf 86' lang='lat' dir='ltr'><strong>teri</strong></span> <span class='ocrx_word' id='word_1_16' title='bbox 614 476 897 559; x_wconf 87' lang='lat' dir='ltr'><strong>pudebit)</strong></span> <span class='ocrx_word' id='word_1_17' title='bbox 938 476 1196 537; x_wconf 83' lang='lat' dir='ltr'><strong>restitisse</strong></span> <span class='ocrx_word' id='word_1_18' title='bbox 1234 477 1256 538; x_wconf 73' lang='grc' dir='ltr'><strong><em>ἓ</em></strong></span> <span class='ocrx_word' id='word_1_19' title='bbox 1359 493 1490 535; x_wconf 89' lang='lat' dir='ltr'><strong>anta</strong></span> <span class='ocrx_word' id='word_1_20' title='bbox 1533 477 1691 535; x_wconf 88' lang='lat' dir='ltr'><strong>enim</strong></span> <span class='ocrx_word' id='word_1_21' title='bbox 1737 475 1818 535; x_wconf 82' lang='lat' dir='ltr'><strong>ad</strong></span> 
     </span>
     <span class='ocr_line' id='line_1_4' title="bbox 458 554 1816 641; baseline -0.004 -22"><span class='ocrx_word' id='word_1_22' title='bbox 458 560 715 641; x_wconf 87' lang='lat' dir='ltr'><strong>singulos</strong></span> <span class='ocrx_word' id='word_1_23' title='bbox 750 556 898 617; x_wconf 84' lang='lat' dir='ltr'><strong>illius</strong></span> <span class='ocrx_word' id='word_1_24' title='bbox 933 573 1127 617; x_wconf 89' lang='lat' dir='ltr'><strong>motus</strong></span> <span class='ocrx_word' id='word_1_25' title='bbox 1161 558 1249 618; x_wconf 85' lang='lat' dir='ltr'><strong>vis</strong></span> <span class='ocrx_word' id='word_1_26' title='bbox 1282 557 1556 616; x_wconf 86' lang='lat' dir='ltr'><strong>imbrium</strong></span> <span class='ocrx_word' id='word_1_27' title='bbox 1593 554 1816 631; x_wconf 81' lang='lat' dir='ltr'><strong>effusa,</strong></span> 
     </span>
     <span class='ocr_line' id='line_1_5' title="bbox 456 635 1816 709; baseline -0.001 -10"><span class='ocrx_word' id='word_1_28' title='bbox 456 656 613 699; x_wconf 88' lang='lat' dir='ltr'><strong>tanta</strong></span> <span class='ocrx_word' id='word_1_29' title='bbox 651 656 963 699; x_wconf 86' lang='lat' dir='ltr'><strong>ventorum</strong></span> <span class='ocrx_word' id='word_1_30' title='bbox 1007 638 1286 699; x_wconf 83' lang='lat' dir='ltr'><strong>violentia</strong></span> <span class='ocrx_word' id='word_1_31' title='bbox 1333 654 1536 696; x_wconf 88' lang='lat' dir='ltr'><strong>coorta</strong></span> <span class='ocrx_word' id='word_1_32' title='bbox 1574 635 1658 697; x_wconf 89' lang='lat' dir='ltr'><strong>est</strong></span> <span class='ocrx_word' id='word_1_33' title='bbox 1681 682 1700 709; x_wconf 91' lang='lat'><strong>‚</strong></span> <span class='ocrx_word' id='word_1_34' title='bbox 1747 653 1816 697; x_wconf 89' lang='lat' dir='ltr'><strong>ut</strong></span> 
     </span>
     <span class='ocr_line' id='line_1_6' title="bbox 459 715 1814 797; baseline -0.001 -18"><span class='ocrx_word' id='word_1_35' title='bbox 459 720 731 779; x_wconf 83' lang='lat' dir='ltr'><strong>divinitus</strong></span> <span class='ocrx_word' id='word_1_36' title='bbox 750 717 975 778; x_wconf 89' lang='lat' dir='ltr'>hostem</span> <span class='ocrx_word' id='word_1_37' title='bbox 993 715 1379 789; x_wconf 86' lang='lat' dir='ltr'><strong>summoveri,</strong></span> <span class='ocrx_word' id='word_1_38' title='bbox 1399 738 1589 797; x_wconf 89' lang='lat' dir='ltr'><strong>neque</strong></span> <span class='ocrx_word' id='word_1_39' title='bbox 1619 716 1776 777; x_wconf 89' lang='lat' dir='ltr'><strong>coelo</strong></span> <span class='ocrx_word' id='word_1_40' title='bbox 1793 761 1814 790; x_wconf 91' lang='lat'>,</span> 
     </span>
     <span class='ocr_line' id='line_1_7' title="bbox 458 794 1816 879; baseline -0.001 -20"><span class='ocrx_word' id='word_1_41' title='bbox 458 797 558 859; x_wconf 90' lang='lat' dir='ltr'><strong>sed</strong></span> <span class='ocrx_word' id='word_1_42' title='bbox 592 800 664 858; x_wconf 89' lang='lat' dir='ltr'><strong>ab</strong></span> <span class='ocrx_word' id='word_1_43' title='bbox 698 799 874 859; x_wconf 89' lang='lat' dir='ltr'>Urbis</span> <span class='ocrx_word' id='word_1_44' title='bbox 903 800 1080 879; x_wconf 89' lang='lat' dir='ltr'><strong>ipsius</strong></span> <span class='ocrx_word' id='word_1_45' title='bbox 1114 799 1402 858; x_wconf 84' lang='lat' dir='ltr'><strong>moenibus</strong></span> <span class='ocrx_word' id='word_1_46' title='bbox 1422 842 1441 871; x_wconf 92' lang='lat'><strong>,</strong></span> <span class='ocrx_word' id='word_1_47' title='bbox 1475 800 1540 859; x_wconf 89' lang='lat'>&amp;</span> <span class='ocrx_word' id='word_1_48' title='bbox 1574 794 1816 879; x_wconf 86' lang='lat' dir='ltr'><strong>Capito·</strong></span> 
     </span>
     <span class='ocr_line' id='line_1_8' title="bbox 460 877 1810 961; baseline -0.001 -22"><span class='ocrx_word' id='word_1_49' title='bbox 460 879 542 939; x_wconf 88' lang='lat' dir='ltr'><strong>lio</strong></span> <span class='ocrx_word' id='word_1_50' title='bbox 567 879 700 939; x_wconf 88' lang='lat' dir='ltr'><strong>ferri</strong></span> <span class='ocrx_word' id='word_1_51' title='bbox 723 880 1034 939; x_wconf 84' lang='lat' dir='ltr'><strong>videretur.</strong></span> <span class='ocrx_word' id='word_1_52' title='bbox 1065 877 1265 959; x_wconf 88' lang='lat' dir='ltr'><strong>Itaque</strong></span> <span class='ocrx_word' id='word_1_53' title='bbox 1299 878 1443 961; x_wconf 87' lang='lat' dir='ltr'><strong>fugit</strong></span> <span class='ocrx_word' id='word_1_54' title='bbox 1456 924 1479 951; x_wconf 91' lang='lat'>‚</span> <span class='ocrx_word' id='word_1_55' title='bbox 1511 880 1574 939; x_wconf 90' lang='lat'>&amp;</span> <span class='ocrx_word' id='word_1_56' title='bbox 1605 880 1810 953; x_wconf 86' lang='lat' dir='ltr'><strong>cessit,</strong></span> 
     </span>
     <span class='ocr_line' id='line_1_9' title="bbox 462 957 1830 1039; baseline -0.003 -18"><span class='ocrx_word' id='word_1_57' title='bbox 462 960 529 1021; x_wconf 85' lang='lat'>&amp;</span> <span class='ocrx_word' id='word_1_58' title='bbox 564 963 625 1019; x_wconf 87' lang='lat' dir='ltr'><strong>in</strong></span> <span class='ocrx_word' id='word_1_59' title='bbox 666 960 933 1019; x_wconf 86' lang='lat' dir='ltr'><strong>ultimum</strong></span> <span class='ocrx_word' id='word_1_60' title='bbox 980 957 1037 1019; x_wconf 85' lang='lat' dir='ltr'><strong>se</strong></span> <span class='ocrx_word' id='word_1_61' title='bbox 1085 958 1260 1019; x_wconf 84' lang='lat' dir='ltr'><strong>Italiae</strong></span> <span class='ocrx_word' id='word_1_62' title='bbox 1309 962 1528 1039; x_wconf 87' lang='lat' dir='ltr'><strong>recepit</strong></span> <span class='ocrx_word' id='word_1_63' title='bbox 1573 961 1762 1017; x_wconf 87' lang='lat' dir='ltr'><strong>sinum</strong></span> <span class='ocrx_word' id='word_1_64' title='bbox 1790 1004 1830 1032; x_wconf 10' lang='grc' dir='ltr'><strong>,Α</strong></span> 
     </span>
     <span class='ocr_line' id='line_1_10' title="bbox 461 1040 1814 1121; baseline -0.001 -22"><span class='ocrx_word' id='word_1_65' title='bbox 461 1058 642 1121; x_wconf 87' lang='lat' dir='ltr'><strong>quum</strong></span> <span class='ocrx_word' id='word_1_66' title='bbox 674 1040 897 1101; x_wconf 87' lang='lat' dir='ltr'><strong>Urbem</strong></span> <span class='ocrx_word' id='word_1_67' title='bbox 932 1042 1155 1100; x_wconf 75' lang='lat' dir='ltr'><strong>tantilm</strong></span> <span class='ocrx_word' id='word_1_68' title='bbox 1187 1061 1306 1099; x_wconf 88' lang='lat' dir='ltr'><strong>non</strong></span> <span class='ocrx_word' id='word_1_69' title='bbox 1343 1041 1638 1099; x_wconf 88' lang='lat' dir='ltr'><strong>adoratam</strong></span> <span class='ocrx_word' id='word_1_70' title='bbox 1673 1040 1814 1099; x_wconf 87' lang='lat' dir='ltr'><strong>reli·-</strong></span> 
     </span>
     <span class='ocr_line' id='line_1_11' title="bbox 462 1119 1814 1202; baseline 0 -23"><span class='ocrx_word' id='word_1_71' title='bbox 462 1120 678 1201; x_wconf 76' lang='lat' dir='ltr'><strong>quiss&#39;et.</strong></span> <span class='ocrx_word' id='word_1_72' title='bbox 722 1120 906 1181; x_wconf 84' lang='lat' dir='ltr'><strong>Parva</strong></span> <span class='ocrx_word' id='word_1_73' title='bbox 946 1141 1040 1179; x_wconf 89' lang='lat' dir='ltr'><strong>res</strong></span> <span class='ocrx_word' id='word_1_74' title='bbox 1090 1119 1240 1179; x_wconf 65' lang='lat' dir='ltr'><strong>diflu</strong></span> <span class='ocrx_word' id='word_1_75' title='bbox 1266 1165 1285 1191; x_wconf 90' lang='lat'>‚</span> <span class='ocrx_word' id='word_1_76' title='bbox 1322 1119 1422 1179; x_wconf 89' lang='lat' dir='ltr'><strong>sed</strong></span> <span class='ocrx_word' id='word_1_77' title='bbox 1462 1120 1535 1179; x_wconf 91' lang='lat' dir='ltr'><strong>ad</strong></span> <span class='ocrx_word' id='word_1_78' title='bbox 1575 1140 1814 1202; x_wconf 83' lang='lat' dir='ltr'><strong>magna-</strong></span> 
     </span>
     <span class='ocr_line' id='line_1_12' title="bbox 460 1199 1812 1281; baseline 0.001 -21"><span class='ocrx_word' id='word_1_79' title='bbox 460 1204 782 1261; x_wconf 86' lang='lat' dir='ltr'><strong>nimitatem</strong></span> <span class='ocrx_word' id='word_1_80' title='bbox 806 1201 1005 1281; x_wconf 84' lang='lat' dir='ltr'><strong>populi</strong></span> <span class='ocrx_word' id='word_1_81' title='bbox 1028 1200 1278 1261; x_wconf 89' lang='lat' dir='ltr'><strong>Romani</strong></span> <span class='ocrx_word' id='word_1_82' title='bbox 1297 1199 1654 1281; x_wconf 86' lang='lat' dir='ltr'>probandam</span> <span class='ocrx_word' id='word_1_83' title='bbox 1683 1199 1812 1262; x_wconf 83' lang='lat' dir='ltr'><strong>satis</strong></span> 
     </span>
     <span class='ocr_line' id='line_1_13' title="bbox 464 1280 1814 1362; baseline 0 -21"><span class='ocrx_word' id='word_1_84' title='bbox 464 1280 667 1342; x_wconf 83' lang='lat' dir='ltr'><strong>efficax</strong></span> <span class='ocrx_word' id='word_1_85' title='bbox 700 1304 717 1355; x_wconf 92' lang='lat'>;</span> <span class='ocrx_word' id='word_1_86' title='bbox 757 1282 913 1362; x_wconf 74' lang='lat' dir='ltr'><strong>qubd</strong></span> <span class='ocrx_word' id='word_1_87' title='bbox 954 1282 1062 1339; x_wconf 89' lang='lat' dir='ltr'><strong>illis</strong></span> <span class='ocrx_word' id='word_1_88' title='bbox 1107 1282 1283 1361; x_wconf 90' lang='lat' dir='ltr'><strong>ipsis,</strong></span> <span class='ocrx_word' id='word_1_89' title='bbox 1368 1282 1532 1341; x_wconf 87' lang='lat' dir='ltr'><strong>uibus</strong></span> <span class='ocrx_word' id='word_1_90' title='bbox 1575 1281 1814 1341; x_wconf 87' lang='lat' dir='ltr'><strong>obside-</strong></span> 
     </span>
     <span class='ocr_line' id='line_1_14' title="bbox 460 1360 1812 1442; baseline -0.001 -19"><span class='ocrx_word' id='word_1_91' title='bbox 460 1363 629 1423; x_wconf 87' lang='lat' dir='ltr'><strong>batur</strong></span> <span class='ocrx_word' id='word_1_92' title='bbox 672 1363 909 1434; x_wconf 74' lang='lat' dir='ltr'><strong>diebu3‚</strong></span> <span class='ocrx_word' id='word_1_93' title='bbox 940 1382 1113 1441; x_wconf 86' lang='lat' dir='ltr'><strong>ager,</strong></span> <span class='ocrx_word' id='word_1_94' title='bbox 1140 1382 1312 1442; x_wconf 89' lang='lat' dir='ltr'><strong>quem</strong></span> <span class='ocrx_word' id='word_1_95' title='bbox 1393 1361 1585 1421; x_wconf 89' lang='lat' dir='ltr'><strong>nnibal</strong></span> <span class='ocrx_word' id='word_1_96' title='bbox 1618 1360 1812 1422; x_wconf 84' lang='lat' dir='ltr'><strong>castris</strong></span> 
     </span>
     <span class='ocr_line' id='line_1_15' title="bbox 461 1440 1813 1524; baseline 0.001 -22"><span class='ocrx_word' id='word_1_97' title='bbox 461 1440 781 1515; x_wconf 83' lang='lat' dir='ltr'>insederat,</span> <span class='ocrx_word' id='word_1_98' title='bbox 823 1441 1040 1501; x_wconf 89' lang='lat' dir='ltr'><strong>venalis</strong></span> <span class='ocrx_word' id='word_1_99' title='bbox 1088 1442 1296 1501; x_wconf 85' lang='lat' dir='ltr'><strong>Romae</strong></span> <span class='ocrx_word' id='word_1_100' title='bbox 1337 1441 1482 1515; x_wconf 87' lang='lat' dir='ltr'><strong>fuit,</strong></span> <span class='ocrx_word' id='word_1_101' title='bbox 1523 1440 1813 1524; x_wconf 85' lang='lat' dir='ltr'><strong>hastaeque</strong></span> 
     </span>
     <span class='ocr_line' id='line_1_16' title="bbox 461 1520 1810 1603; baseline 0 -20"><span class='ocrx_word' id='word_1_102' title='bbox 461 1520 741 1602; x_wconf 56' lang='lat' dir='ltr'><strong>subjeetus</strong></span> <span class='ocrx_word' id='word_1_103' title='bbox 771 1524 991 1582; x_wconf 87' lang='lat' dir='ltr'><strong>invenit</strong></span> <span class='ocrx_word' id='word_1_104' title='bbox 1023 1540 1367 1603; x_wconf 87' lang='lat' dir='ltr'><strong>emptorem.</strong></span> <span class='ocrx_word' id='word_1_105' title='bbox 1399 1522 1603 1583; x_wconf 85' lang='lat' dir='ltr'>Voluit</span> <span class='ocrx_word' id='word_1_106' title='bbox 1623 1522 1810 1583; x_wconf 89' lang='lat' dir='ltr'><strong>Anni-</strong></span> 
     </span>
     <span class='ocr_line' id='line_1_17' title="bbox 462 1599 1814 1685; baseline 0 -21"><span class='ocrx_word' id='word_1_107' title='bbox 462 1602 558 1664; x_wconf 92' lang='lat' dir='ltr'><strong>bal</strong></span> <span class='ocrx_word' id='word_1_108' title='bbox 602 1602 801 1663; x_wconf 72' lang='lat' dir='ltr'><strong>contra</strong></span> <span class='ocrx_word' id='word_1_109' title='bbox 848 1602 1120 1663; x_wconf 88' lang='lat' dir='ltr'>fiduciam</span> <span class='ocrx_word' id='word_1_110' title='bbox 1159 1606 1367 1663; x_wconf 88' lang='lat' dir='ltr'><strong>imitari</strong></span> <span class='ocrx_word' id='word_1_111' title='bbox 1399 1625 1419 1677; x_wconf 80' lang='lat'>3</span> <span class='ocrx_word' id='word_1_112' title='bbox 1455 1599 1814 1685; x_wconf 82' lang='lat' dir='ltr'><strong>subjecitque</strong></span> 
     </span>
     <span class='ocr_line' id='line_1_18' title="bbox 464 1682 1816 1767; baseline 0.001 -24"><span class='ocrx_word' id='word_1_113' title='bbox 464 1687 806 1767; x_wconf 87' lang='lat' dir='ltr'><strong>argentarias</strong></span> <span class='ocrx_word' id='word_1_114' title='bbox 826 1684 1004 1744; x_wconf 85' lang='lat' dir='ltr'><strong>Urbis</strong></span> <span class='ocrx_word' id='word_1_115' title='bbox 1037 1684 1298 1745; x_wconf 87' lang='lat' dir='ltr'><strong>tabernas</strong></span> <span class='ocrx_word' id='word_1_116' title='bbox 1331 1708 1345 1743; x_wconf 81' lang='lat' dir='ltr'><strong><em>z</em></strong></span> <span class='ocrx_word' id='word_1_117' title='bbox 1378 1704 1485 1743; x_wconf 88' lang='lat' dir='ltr'><strong>nec</strong></span> <span class='ocrx_word' id='word_1_118' title='bbox 1511 1682 1688 1745; x_wconf 60' lang='lat' dir='ltr'><strong>seelor</strong></span> <span class='ocrx_word' id='word_1_119' title='bbox 1718 1688 1816 1744; x_wconf 90' lang='lat' dir='ltr'><strong>in-</strong></span> 
     </span>
     <span class='ocr_line' id='line_1_19' title="bbox 424 1762 1812 1847; baseline 0.003 -24"><span class='ocrx_word' id='word_1_120' title='bbox 424 1818 429 1822; x_wconf 83' lang='lat'><strong>.</strong></span> <span class='ocrx_word' id='word_1_121' title='bbox 463 1784 671 1824; x_wconf 81' lang='lat' dir='ltr'><strong>ventus</strong></span> <span class='ocrx_word' id='word_1_122' title='bbox 708 1764 789 1824; x_wconf 88' lang='lat' dir='ltr'><strong>est</strong></span> <span class='ocrx_word' id='word_1_123' title='bbox 822 1786 837 1823; x_wconf 76' lang='lat' dir='ltr'><strong><em>z</em></strong></span> <span class='ocrx_word' id='word_1_124' title='bbox 876 1782 937 1823; x_wconf 89' lang='lat' dir='ltr'><strong>ut</strong></span> <span class='ocrx_word' id='word_1_125' title='bbox 966 1762 1105 1823; x_wconf 90' lang='lat' dir='ltr'><strong>scias</strong></span> <span class='ocrx_word' id='word_1_126' title='bbox 1126 1812 1144 1839; x_wconf 87' lang='lat'>‚</span> <span class='ocrx_word' id='word_1_127' title='bbox 1183 1767 1355 1825; x_wconf 85' lang='lat' dir='ltr'><strong>etiam</strong></span> <span class='ocrx_word' id='word_1_128' title='bbox 1389 1765 1652 1847; x_wconf 84' lang='lat' dir='ltr'><strong>praesagia</strong></span> <span class='ocrx_word' id='word_1_129' title='bbox 1681 1764 1812 1827; x_wconf 87' lang='lat' dir='ltr'><strong>fatis</strong></span> 
     </span>
     <span class='ocr_line' id='line_1_20' title="bbox 463 1843 1811 1918; baseline 0 -13"><span class='ocrx_word' id='word_1_130' title='bbox 463 1843 641 1905; x_wconf 82' lang='lat' dir='ltr'><strong>fuiffe.</strong></span> <span class='ocrx_word' id='word_1_131' title='bbox 665 1843 823 1904; x_wconf 88' lang='lat' dir='ltr'><strong>Nihil</strong></span> <span class='ocrx_word' id='word_1_132' title='bbox 845 1844 1026 1903; x_wconf 58' lang='lat' dir='ltr'><strong>aetum</strong></span> <span class='ocrx_word' id='word_1_133' title='bbox 1051 1862 1172 1905; x_wconf 87' lang='lat' dir='ltr'><strong>erat</strong></span> <span class='ocrx_word' id='word_1_134' title='bbox 1202 1848 1359 1905; x_wconf 69' lang='lat' dir='ltr'><strong>tanta</strong></span> <span class='ocrx_word' id='word_1_135' title='bbox 1374 1849 1586 1906; x_wconf 87' lang='lat' dir='ltr'><strong>virtute</strong></span> <span class='ocrx_word' id='word_1_136' title='bbox 1607 1891 1624 1918; x_wconf 91' lang='lat'><strong><em>‚</em></strong></span> <span class='ocrx_word' id='word_1_137' title='bbox 1648 1862 1811 1905; x_wconf 88' lang='lat' dir='ltr'><strong>tanto</strong></span> 
     </span>
     <span class='ocr_line' id='line_1_21' title="bbox 464 1924 1814 2019; baseline 0.001 -34"><span class='ocrx_word' id='word_1_138' title='bbox 464 1924 665 1985; x_wconf 87' lang='lat' dir='ltr'><strong>favore</strong></span> <span class='ocrx_word' id='word_1_139' title='bbox 702 1927 871 1984; x_wconf 90' lang='lat' dir='ltr'><strong>etiam</strong></span> <span class='ocrx_word' id='word_1_140' title='bbox 906 1924 1150 2019; x_wconf 49' lang='lat' dir='ltr'><strong>deci-qm</strong></span> <span class='ocrx_word' id='word_1_141' title='bbox 1179 1948 1194 1985; x_wconf 75' lang='grc' dir='ltr'><strong><em>ι</em></strong></span> <span class='ocrx_word' id='word_1_142' title='bbox 1227 1928 1509 2007; x_wconf 87' lang='lat' dir='ltr'><strong>siquidem</strong></span> <span class='ocrx_word' id='word_1_143' title='bbox 1527 1925 1814 1986; x_wconf 86' lang='lat' dir='ltr'><strong>Asdrubal</strong></span> 
     </span>
     <span class='ocr_line' id='line_1_22' title="bbox 464 2004 1811 2080; baseline 0.001 -15"><span class='ocrx_word' id='word_1_144' title='bbox 464 2004 641 2066; x_wconf 86' lang='lat' dir='ltr'><strong>frater</strong></span> <span class='ocrx_word' id='word_1_145' title='bbox 659 2005 959 2065; x_wconf 83' lang='lat' dir='ltr'><strong>Annibalis</strong></span> <span class='ocrx_word' id='word_1_146' title='bbox 983 2027 1114 2065; x_wconf 88' lang='lat' dir='ltr'><strong>cum</strong></span> <span class='ocrx_word' id='word_1_147' title='bbox 1143 2010 1391 2067; x_wconf 83' lang='lat' dir='ltr'><strong>exercitu</strong></span> <span class='ocrx_word' id='word_1_148' title='bbox 1414 2028 1575 2066; x_wconf 89' lang='lat' dir='ltr'><strong>novo</strong></span> <span class='ocrx_word' id='word_1_149' title='bbox 1598 2051 1616 2080; x_wconf 88' lang='lat'>‚</span> <span class='ocrx_word' id='word_1_150' title='bbox 1643 2010 1811 2067; x_wconf 87' lang='lat' dir='ltr'><strong>novis</strong></span> 
     </span>
     <span class='ocr_line' id='line_1_23' title="bbox 462 2085 1814 2159; baseline -0.001 -11"><span class='ocrx_word' id='word_1_151' title='bbox 462 2087 681 2148; x_wconf 81' lang='lat' dir='ltr'><strong>viribus</strong></span> <span class='ocrx_word' id='word_1_152' title='bbox 702 2130 719 2159; x_wconf 90' lang='lat'><strong>,</strong></span> <span class='ocrx_word' id='word_1_153' title='bbox 751 2088 909 2145; x_wconf 63' lang='lat' dir='ltr'><strong>nova</strong></span> <span class='ocrx_word' id='word_1_154' title='bbox 938 2085 1074 2146; x_wconf 87' lang='lat' dir='ltr'><strong>belli</strong></span> <span class='ocrx_word' id='word_1_155' title='bbox 1107 2087 1260 2146; x_wconf 88' lang='lat' dir='ltr'><strong>mole</strong></span> <span class='ocrx_word' id='word_1_156' title='bbox 1289 2088 1579 2147; x_wconf 87' lang='lat' dir='ltr'><strong>veniebat.</strong></span> <span class='ocrx_word' id='word_1_157' title='bbox 1602 2087 1814 2147; x_wconf 71' lang='grc' dir='ltr'><strong>Αᾶυω</strong></span> 
     </span>
     <span class='ocr_line' id='line_1_24' title="bbox 464 2167 1811 2247; baseline 0.001 -21"><span class='ocrx_word' id='word_1_158' title='bbox 464 2183 588 2227; x_wconf 86' lang='lat' dir='ltr'><strong>erat</strong></span> <span class='ocrx_word' id='word_1_159' title='bbox 613 2167 816 2247; x_wconf 81' lang='lat' dir='ltr'><strong>procul</strong></span> <span class='ocrx_word' id='word_1_160' title='bbox 840 2167 1017 2226; x_wconf 89' lang='lat' dir='ltr'><strong>dubio</strong></span> <span class='ocrx_word' id='word_1_161' title='bbox 1039 2212 1058 2241; x_wconf 90' lang='lat'><strong>‚</strong></span> <span class='ocrx_word' id='word_1_162' title='bbox 1089 2170 1134 2227; x_wconf 87' lang='lat' dir='ltr'><strong>si</strong></span> <span class='ocrx_word' id='word_1_163' title='bbox 1157 2169 1247 2227; x_wconf 80' lang='lat' dir='ltr'><strong>vir</strong></span> <span class='ocrx_word' id='word_1_164' title='bbox 1277 2168 1372 2229; x_wconf 88' lang='lat' dir='ltr'><strong>ille</strong></span> <span class='ocrx_word' id='word_1_165' title='bbox 1399 2167 1456 2227; x_wconf 87' lang='lat' dir='ltr'><strong>se</strong></span> <span class='ocrx_word' id='word_1_166' title='bbox 1483 2188 1614 2227; x_wconf 85' lang='lat' dir='ltr'><strong>cum</strong></span> <span class='ocrx_word' id='word_1_167' title='bbox 1638 2167 1811 2228; x_wconf 85' lang='lat' dir='ltr'><strong>fratre</strong></span> 
     </span>
     <span class='ocr_line' id='line_1_25' title="bbox 461 2245 1814 2329; baseline 0 -22"><span class='ocrx_word' id='word_1_168' title='bbox 461 2245 741 2329; x_wconf 72' lang='lat' dir='ltr'><strong>junxisset.</strong></span> <span class='ocrx_word' id='word_1_169' title='bbox 778 2245 892 2307; x_wconf 89' lang='lat' dir='ltr'><strong>Sed</strong></span> <span class='ocrx_word' id='word_1_170' title='bbox 922 2248 1073 2327; x_wconf 74' lang='lat' dir='ltr'><strong>hune</strong></span> <span class='ocrx_word' id='word_1_171' title='bbox 1112 2270 1344 2329; x_wconf 88' lang='lat' dir='ltr'><strong>quoque</strong></span> <span class='ocrx_word' id='word_1_172' title='bbox 1389 2247 1564 2308; x_wconf 87' lang='lat' dir='ltr'><strong>castra</strong></span> <span class='ocrx_word' id='word_1_173' title='bbox 1591 2266 1814 2308; x_wconf 86' lang='lat' dir='ltr'><strong>metan-</strong></span> 
     </span>
     <span class='ocr_line' id='line_1_26' title="bbox 464 2327 1812 2390; baseline 0 -1"><span class='ocrx_word' id='word_1_174' title='bbox 464 2345 588 2389; x_wconf 87' lang='lat' dir='ltr'><strong>tem</strong></span> <span class='ocrx_word' id='word_1_175' title='bbox 620 2327 894 2389; x_wconf 89' lang='lat' dir='ltr'><strong>Claudius</strong></span> <span class='ocrx_word' id='word_1_176' title='bbox 927 2328 1092 2389; x_wconf 88' lang='lat' dir='ltr'><strong>Nero</strong></span> <span class='ocrx_word' id='word_1_177' title='bbox 1127 2349 1260 2388; x_wconf 88' lang='lat' dir='ltr'><strong>cum</strong></span> <span class='ocrx_word' id='word_1_178' title='bbox 1293 2330 1462 2390; x_wconf 80' lang='lat' dir='ltr'><strong>Livio</strong></span> <span class='ocrx_word' id='word_1_179' title='bbox 1497 2327 1812 2389; x_wconf 84' lang='lat' dir='ltr'><strong>Salinatore</strong></span> 
     </span>
     <span class='ocr_line' id='line_1_27' title="bbox 466 2406 1812 2491; baseline 0 -22"><span class='ocrx_word' id='word_1_180' title='bbox 466 2408 735 2469; x_wconf 84' lang='lat' dir='ltr'><strong>debellat.</strong></span> <span class='ocrx_word' id='word_1_181' title='bbox 790 2406 953 2468; x_wconf 87' lang='lat' dir='ltr'><strong>Nero</strong></span> <span class='ocrx_word' id='word_1_182' title='bbox 1007 2412 1065 2467; x_wconf 90' lang='lat' dir='ltr'><strong>in</strong></span> <span class='ocrx_word' id='word_1_183' title='bbox 1115 2409 1320 2468; x_wconf 89' lang='lat' dir='ltr'><strong>ultimo</strong></span> <span class='ocrx_word' id='word_1_184' title='bbox 1369 2408 1544 2469; x_wconf 86' lang='lat' dir='ltr'><strong>Italiae</strong></span> <span class='ocrx_word' id='word_1_185' title='bbox 1601 2410 1812 2491; x_wconf 88' lang='lat' dir='ltr'><strong>angulo</strong></span> 
     </span>
     <span class='ocr_line' id='line_1_28' title="bbox 464 2487 1812 2551; baseline 0 -2"><span class='ocrx_word' id='word_1_186' title='bbox 464 2487 864 2549; x_wconf 88' lang='lat' dir='ltr'><strong>summovebat</strong></span> <span class='ocrx_word' id='word_1_187' title='bbox 896 2488 1263 2549; x_wconf 86' lang='lat' dir='ltr'><strong>Annibalem.</strong></span> <span class='ocrx_word' id='word_1_188' title='bbox 1299 2488 1494 2551; x_wconf 89' lang='lat' dir='ltr'><strong>Livius</strong></span> <span class='ocrx_word' id='word_1_189' title='bbox 1530 2491 1812 2550; x_wconf 80' lang='lat' dir='ltr'><strong>indiver-</strong></span> 
     </span>
     <span class='ocr_line' id='line_1_29' title="bbox 462 2568 1810 2651; baseline 0.001 -22"><span class='ocrx_word' id='word_1_190' title='bbox 462 2572 742 2629; x_wconf 84' lang='lat' dir='ltr'><strong>sissi-mam</strong></span> <span class='ocrx_word' id='word_1_191' title='bbox 815 2586 997 2629; x_wconf 87' lang='lat' dir='ltr'><strong>artem</strong></span> <span class='ocrx_word' id='word_1_192' title='bbox 1017 2614 1037 2643; x_wconf 90' lang='lat'>‚</span> <span class='ocrx_word' id='word_1_193' title='bbox 1061 2569 1119 2629; x_wconf 88' lang='lat' dir='ltr'><strong>id</strong></span> <span class='ocrx_word' id='word_1_194' title='bbox 1157 2568 1238 2630; x_wconf 90' lang='lat' dir='ltr'><strong>est</strong></span> <span class='ocrx_word' id='word_1_195' title='bbox 1257 2615 1276 2642; x_wconf 85' lang='lat'>‚</span> <span class='ocrx_word' id='word_1_196' title='bbox 1304 2573 1364 2629; x_wconf 87' lang='lat' dir='ltr'><strong>in</strong></span> <span class='ocrx_word' id='word_1_197' title='bbox 1396 2569 1543 2651; x_wconf 86' lang='lat' dir='ltr'><strong>ipsas</strong></span> <span class='ocrx_word' id='word_1_198' title='bbox 1575 2569 1810 2631; x_wconf 87' lang='lat' dir='ltr'><strong>nascen-</strong></span> 
     </span>
     <span class='ocr_line' id='line_1_30' title="bbox 464 2649 1811 2733; baseline 0.001 -24"><span class='ocrx_word' id='word_1_199' title='bbox 464 2652 535 2710; x_wconf 87' lang='lat' dir='ltr'><strong>tis</strong></span> <span class='ocrx_word' id='word_1_200' title='bbox 556 2649 731 2710; x_wconf 82' lang='lat' dir='ltr'><strong>Italiae</strong></span> <span class='ocrx_word' id='word_1_201' title='bbox 772 2672 937 2711; x_wconf 89' lang='lat' dir='ltr'><strong>auces</strong></span> <span class='ocrx_word' id='word_1_202' title='bbox 954 2697 972 2724; x_wconf 88' lang='lat'><strong>,</strong></span> <span class='ocrx_word' id='word_1_203' title='bbox 994 2653 1151 2733; x_wconf 86' lang='lat' dir='ltr'><strong>signa</strong></span> <span class='ocrx_word' id='word_1_204' title='bbox 1170 2668 1552 2712; x_wconf 84' lang='lat' dir='ltr'><strong>converterat.</strong></span> <span class='ocrx_word' id='word_1_205' title='bbox 1575 2650 1771 2711; x_wconf 89' lang='lat' dir='ltr'><strong>Tanto</strong></span> <span class='ocrx_word' id='word_1_206' title='bbox 1789 2698 1811 2726; x_wconf 91' lang='lat'><strong>‚</strong></span> 
     </span>
     <span class='ocr_line' id='line_1_31' title="bbox 464 2729 1810 2817; baseline 0 -24"><span class='ocrx_word' id='word_1_207' title='bbox 464 2730 527 2793; x_wconf 85' lang='lat' dir='ltr'><strong>id</strong></span> <span class='ocrx_word' id='word_1_208' title='bbox 558 2729 640 2793; x_wconf 89' lang='lat' dir='ltr'><strong>est</strong></span> <span class='ocrx_word' id='word_1_209' title='bbox 661 2774 681 2807; x_wconf 87' lang='lat'><strong>,</strong></span> <span class='ocrx_word' id='word_1_210' title='bbox 712 2733 911 2805; x_wconf 86' lang='lat' dir='ltr'><strong>omni,</strong></span> <span class='ocrx_word' id='word_1_211' title='bbox 942 2731 1053 2814; x_wconf 73' lang='lat' dir='ltr'><strong>qua</strong></span> <span class='ocrx_word' id='word_1_212' title='bbox 1089 2731 1418 2817; x_wconf 85' lang='lat' dir='ltr'><strong>longissima</strong></span> <span class='ocrx_word' id='word_1_213' title='bbox 1449 2731 1609 2795; x_wconf 86' lang='lat' dir='ltr'><strong>Italia</strong></span> <span class='ocrx_word' id='word_1_214' title='bbox 1631 2776 1651 2807; x_wconf 91' lang='lat'><strong>,</strong></span> <span class='ocrx_word' id='word_1_215' title='bbox 1687 2730 1810 2793; x_wconf 76' lang='lat' dir='ltr'><strong>solo</strong></span> 
     </span>
    </p>
   </div>
   <div class='ocr_carea' id='block_1_3' title="bbox 2050 990 2054 1700">
    <p class='ocr_par' dir='ltr' id='par_1_3' title="bbox 2050 990 2054 1700">
     <span class='ocr_line' id='line_1_32' title="bbox 2050 990 2054 1700; baseline 0 0"><span class='ocrx_word' id='word_1_216' title='bbox 2050 990 2054 1700; x_wconf 95' lang='lat' dir='ltr'><strong> </strong></span> 
     </span>
    </p>
   </div>
  </div>
 </body>
</html>
