2067 3667
572 320 1013 394 LIBER
1112 322 1245 392 II.
1491 341 1588 415 9¹³

230 458 427 513 tamen
454 442 778 503 maluerunt
795 488 814 517 ‚
840 462 1021 523 quum
1051 438 1344 501 debellare
1375 438 1600 521 potuit:

230 522 373 585 sent.
412 520 725 585 Hostilium
761 524 972 583 deinde
1008 520 1366 581 Mancinum.
1410 520 1584 581 Hunc

230 625 467 687 quoque
508 604 746 665 assiduis
786 603 1038 664 caedibus
1084 604 1162 662 ita
1195 601 1538 742 subegerunt
1561 646 1590 676 ,

228 702 295 745 nt
328 707 405 745 ne
441 685 646 747 oculos
678 686 916 768 quidem
954 698 1052 744 aut
1080 704 1294 744 vocem
1385 702 1589 742 uman-

228 768 337 826 tini
366 768 487 828 viri·
517 765 649 849 quis
684 786 813 826 uam
846 762 1167 825 sustineret..
1183 762 1412 824 Tamen
1449 782 1594 822 cum·

227 846 343 907 hoc
379 868 615 929 quoque
676 846 841 907 oedus
877 844 1142 906 maluere
1163 888 1184 918 ,
1211 845 1466 905 contenti
1497 864 1585 903 ar-

228 946 459 987 morum
482 928 761 987 manubiis
786 973 811 1002 ,
828 946 1007 1008 quum
1029 926 1104 985 ad
1127 926 1595 984 internecionem

227 1006 431 1068 sevire
458 1006 779 1087 potuissent.
808 1004 926 1066 Sed
960 1026 1081 1066 non
1111 1007 1298 1065 minus
1327 1004 1593 1064 Numan·

225 1089 333 1148 tini
352 1132 373 1162 ‚
412 1086 583 1169 quam
608 1083 858 1147 Caudini
892 1084 1044 1146 illius
1075 1084 1310 1145 foederis
1342 1084 1600 1165 flagrans-

292 1169 549 1228 nomini&
588 1188 653 1227 ac
682 1166 916 1249 -pudore
952 1166 1206 1247 populus
1246 1164 1542 1225 Romanus
1565 1208 1592 1238 ,

226 1188 487 1309 ffiedecus
519 1248 755 1331 quidem
789 1245 1079 1328 praesentis
1109 1245 1304 1327 flagitii
1342 1244 1587 1305 deditio-

226 1348 305 1389 ne
348 1328 605 1389 Mancini
641 1328 905 1409 expiavit*
934 1348 961 1402 ς
990 1328 1247 1387 ceterum
1280 1326 1428 1386 duce
1468 1323 1590 1385 Sci·

224 1412 405 1491 pione
433 1455 453 1486 ‚
494 1406 850 1491 Carthaginis
902 1407 1182 1468 incendiis
1231 1406 1304 1467 ad
1361 1404 1586 1468 excidia

222 1491 456 1551 urbium
494 1489 721 1550 imbuto
749 1534 771 1563 ‚
812 1489 1056 1550 tandem
1093 1490 1270 1548 etiam
1307 1488 1368 1547 in
1413 1486 1585 1547 ultio·

222 1591 362 1633 nem
392 1570 715 1631 excanduit.
750 1567 867 1629 Sed
896 1585 1031 1629 tunc
1063 1569 1244 1629 acrius
1268 1569 1328 1625 in
1360 1564 1583 1639 castris,

225 1651 400 1733 quam
420 1653 479 1711 in
504 1670 713 1731 campo
731 1692 755 1721 ‚
783 1648 981 1709 nostro
1004 1668 1138 1708 cum
1166 1647 1349 1707 milite
1367 1692 1388 1719 ,
1451 1644 1585 1706 uam

226 1751 364 1791 cum
396 1728 752 1791 Numantino
774 1774 794 1800 ,
826 1728 1212 1809 proeliandum
1239 1725 1362 1787 fuit.
1463 1729 1587 1808 uip-

225 1832 305 1895 pe
338 1811 575 1871 assiduis
616 1812 679 1873 &
718 1806 933 1889 injustis
966 1812 1032 1871 &
1068 1808 1365 1869 servilibus
1398 1808 1594 1867 maxi-

222 1893 321 1953 me
350 1892 621 1975 operibus
654 1894 863 1965 attriti,
897 1890 1048 1950 ferre
1074 1890 1298 1972 plenius
1321 1888 1542 1948 vallum
1562 1930 1581 1958 ,

266 1976 325 2032 ui
372 1993 526 2033 arma
575 1971 910 2047 nescirent3
947 1972 1073 2031 luto
1116 1971 1400 2051 inquinari
1423 2014 1447 2041 ,
1481 1970 1596 2049 qui

224 1994 493 2135 anguine
548 2054 773 2113 nollent
817 2099 837 2127 ‚
892 2051 1260 2132 jubebantur.
1313 2048 1413 2109 Ad
1468 2048 1584 2108 hoc

223 2132 412 2193 scorta
433 2177 453 2205 ,
484 2135 715 2193 calones
741 2177 759 2205 ,
784 2132 1013 2192 sarcinae
1043 2134 1152 2193 nisi
1189 2131 1262 2190 ad
1292 2128 1455 2189 usum
1485 2148 1586 2188 ne-

222 2212 472 2274 cessariae
505 2258 522 2286 ,
561 2232 940 2294 amputantur.
988 2211 1175 2273 Tanti.
1207 2209 1320 2271 effe
1364 2210 1586 2269 exerci-

219 2310 346 2355 tum
364 2338 383 2368 ‚
411 2297 605 2377 quanti
638 2298 1087 2375 imperatorem,
1119 2292 1261 2351 vere
1284 2290 1594 2372 proditum·

222 2374 325 2436 est.
384 2374 478 2435 Sic
536 2375 766 2435 redasto
822 2377 881 2433 in
935 2371 1288 2454 disciplinam
1343 2370 1524 2431 milite
1560 2414 1583 2445 ‚

223 2455 517 2515 commissa
554 2459 751 2529 acies;
800 2454 1076 2538 quodque
1114 2474 1289 2513 nemo
1324 2450 1580 2511 visurum

220 2534 282 2595 se
336 2557 609 2618 umquam
655 2536 979 2616 speraverat
1011 2580 1032 2610 ‚
1079 2533 1289 2593 facium
1332 2531 1413 2592 est
1447 2578 1470 2604 ‚
1513 2547 1579 2591 ut

222 2615 505 2697 fugientes
556 2616 937 2677 Numantinos
988 2614 1284 2695 quisquam
1325 2614 1576 2673 videret.

221 2696 465 2758 Dedere
488 2699 659 2757 etiam
697 2694 812 2755 sese
846 2695 1124 2756 volebant
1145 2739 1164 2767 ‚
1199 2697 1246 2754 si
1275 2692 1586 2753 toleranda·

222 2779 366 2839 viris
400 2780 842 2861 imperarentur.⁴
866 2772 981 2837 Sed
1020 2794 1200 2859 quum
1231 2772 1428 2857 Scipio
1467 2790 1588 2835 ve·-
