2067 3667
561 306 606 383 8
805 307 878 379 C.
933 309 1201 377 VELL.
1252 306 1369 377 ΡΑ
1392 323 1649 377 reno.

561 424 931 495 Macedoniae
983 428 1295 509 occupavit
1333 463 1354 501 ⁵
1413 448 1447 487 a
1494 447 1612 509 quo
1658 424 1905 509 Magnus

561 508 898 571 Alexander
927 530 1105 589 quum
1134 506 1303 567 fuerit
1326 506 1871 587 septimus-decimus
1887 554 1905 583 ‚

561 586 691 669 jure
722 592 964 649 materni
993 590 1219 671 generis
1247 586 1479 649 Achille
1508 587 1738 648 aufiiore
1759 634 1779 658 ‚
1816 611 1909 670 pa-

565 671 715 730 terni
740 670 992 729 Hercule
1011 670 1284 751 gloriatus
1318 668 1419 729 est.
1445 667 1755 749 [AEmilius
1772 672 1908 729 Sura

572 754 640 811 de
682 754 850 811 annis
877 752 1340 833 populi·Romani
1370 772 1388 809 .·
1423 748 1636 830 Affyrii
1656 796 1673 820 ,
1703 752 1909 830 princi—

560 852 664 912 pes
707 833 944 891 omnium
987 828 1225 913 gentium
1253 876 1271 901 ,
1320 852 1483 889 rerum
1518 832 1688 910 potiti
1728 829 1859 908 fient
1888 875 1908 905 ‚

569 915 760 972 deinde
793 914 994 984 Medi,
1027 914 1207 993 postea
1247 910 1419 987 Petfae
1442 955 1461 983 ‚
1500 913 1691 971 deinde
1727 916 1911 971 Mace-

569 995 756 1053 dones.
804 993 1027 1052 Exinde
1051 1036 1070 1065 ,
1110 992 1317 1051 duobus
1360 992 1566 1073 regibus
1590 1038 1605 1061 ,
1652 992 1910 1073 Philippo

572 1074 630 1133 6·
669 1074 946 1133 Antiocho
972 1118 996 1144 ,
1046 1074 1140 1152 qui
1182 1094 1219 1130 a
1262 1074 1664 1132 Macedonibus
1704 1075 1913 1133 oriundi

573 1172 724 1216 erant
757 1196 776 1226 ‚
825 1155 979 1213 haud
1012 1154 1181 1213 multo
1215 1156 1337 1234 post
1376 1154 1751 1235 Carthaginem
1784 1152 1913 1231 sub-

571 1237 746 1293 aft'am
775 1279 794 1303 ‚
833 1236 1055 1295 deviblis
1076 1276 1101 1305 ,
1132 1232 1338 1308 sicmma
1378 1236 1587 1314 imperii
1632 1237 1711 1294 ad
1735 1256 1915 1315 popu·-

572 1316 686 1375 lum
719 1318 1025 1375 Romanum
1052 1316 1309 1395 pervenit.
1356 1315 1505 1376 Inter
1531 1316 1633 1375 hoc
1662 1334 1873 1396 tempus
1895 1361 1912 1385 ,

573 1395 632 1453 δ’
657 1392 874 1455 initium
901 1396 1049 1455 Nini
1078 1396 1214 1477 regis
1236 1392 1577 1477 Affyriorum
1602 1441 1621 1466 ‚
1648 1399 1745 1476 qui
1772 1398 1918 1478 prin·

570 1497 696 1555 ceps
748 1496 910 1536 rerum
955 1476 1168 1557 potitus
1198 1522 1217 1547 ‚
1282 1476 1535 1555 interficnt
1588 1480 1727 1537 anni
1779 1478 1918 1539 mille

573 1560 834 1637 nongenti
865 1559 1163 1639 nonaginta
1198 1556 1491 1639 quinque.]

599 1764 604 1771 Ι
649 1704 784 1769 Quae
817 1700 903 1757 hic
935 1704 1090 1757 uncis
1120 1706 1315 1757 inclusa
1348 1723 1379 1758 a
1409 1705 1707 1760 Velieianis
1742 1710 1917 1761 chara·

571 1774 778 1829 &erum
824 1778 996 1830 forma
1037 1778 1422 1848 distinguuntur
1454 1820 1471 1845 ‚
1519 1798 1632 1832 non
1674 1780 1919 1835 videntur

573 1849 680 1919 effe
713 1850 952 1913 velleii,
992 1852 1079 1902 sed
1118 1868 1188 1903 ex
1224 1852 1445 1919 alicujus
1478 1854 1831 1907 annotatione
1862 1856 1919 1907 ad

577 1931 726 1975 oram
769 1924 890 1975 libri
926 1924 1116 1991 scripta
1140 1964 1155 1988 ‚
1198 1924 1255 1976 in
1293 1940 1499 1984 textum
1534 1926 1820 1993 irrepsisse.
1858 1928 1921 1978 id

573 2002 724 2062 patet
744 2012 814 2047 ex
841 2014 1026 2048 eorum
1046 2036 1061 2059 ,
1086 2014 1201 2065 quae
1227 2001 1527 2065 praecedunt
1543 2038 1559 2063 ‚
1580 2002 1919 2052 connexione

575 2084 700 2119 cum
735 2070 1073 2137 sequentibus
1100 2108 1117 2133 ,
1150 2070 1207 2121 in
1241 2070 1431 2139 quibus
1464 2074 1527 2125 ad
1561 2074 1754 2125 Catani
1790 2088 1920 2126 tem-

571 2158 676 2209 pus
707 2156 836 2195 aetas
867 2141 1088 2195 Hesiodi
1119 2144 1361 2199 refertur.

605 2320 612 2328 ,
655 2276 842 2341 VII.
885 2275 1071 2358 Hujus
1122 2282 1401 2361 temporis
1441 2281 1672 2363 aequalis
1715 2282 1927 2343 Hesio-

569 2356 684 2427 'dus
727 2358 870 2429 fuit,
919 2360 1069 2419 circa
1110 2378 1343 2421 centum
1378 2363 1579 2443 viginti
1620 2384 1803 2423 annos
1844 2364 1926 2422 di-

573 2437 804 2499 stinRus
837 2440 908 2499 ab
937 2438 1181 2501 Homeri
1217 2458 1381 2501 aetate
1402 2488 1425 2513 ,
1461 2444 1553 2501 vir
1586 2444 1921 2526 perelegan-

571 2521 644 2577 tis
679 2520 892 2601 ingenii
923 2563 942 2593 ,
983 2522 1049 2582 &
1082 2520 1420 2582 mollissimi?⁴
1458 2522 1767 2585 dulcedine
1802 2546 1925 2585 card

571 2599 796 2659 minum
838 2600 1227 2661 memorabilis
1252 2647 1269 2673 ‚
1314 2605 1418 2662 otii
1456 2602 1777 2685 quietisque
1828 2627 1925 2665 cu·-

572 2680 902 2760 pidissimus
929 2726 948 2752 ,
995 2698 1059 2741 ut
1102 2702 1365 2763 tempore
1413 2700 1568 2743 tanto
1620 2687 1755 2746 viro
1783 2728 1801 2757 ‚
1848 2688 1927 2744 ita
1970 2688 1973 2691 ’

575 2762 770 2843 operis
801 2760 1131 2827 austoritate
1167 2767 1460 2846 proximus
1493 2787 1506 2827 ε
1542 2768 1641 2847 qui
1670 2768 1882 2831 vitavit
1905 2808 1927 2839 ,
