2067 3667
586 351 677 428 30
840 329 911 399 C.
968 332 1240 399 Vszz.
1290 330 1405 398 ΡΑ
1433 346 1692 400 rane.

577 470 790 532 corpus
846 449 1037 511 velato
1086 447 1274 531 capite
1326 440 1541 509 elatum
1591 445 1674 509 est
1701 494 1724 521 ,
1772 444 1946 527 cujus
2042 434 2043 457 ἦ

578 532 763 614 opera
788 529 955 612 super
978 546 1170 591 totum
1199 546 1477 589 terrarum
1509 528 1714 589 orbem
1745 528 1948 591 Roma

580 612 859 673 extulerat
897 626 1086 693 caput.
1129 608 1243 669 Seu
1286 609 1518 671 fatalem
1539 656 1558 681 ,
1595 627 1661 670 ut
1703 610 1902 693 plures
1926 657 1944 686 ‚

578 691 678 752 seu
709 692 1015 753 conflatam
1042 690 1260 751 insidiis
1283 736 1302 765 ‚
1331 707 1394 751 ut
1425 691 1600 773 aliqui
1623 692 1944 773 prodidere

578 775 879 834 memoriae
902 816 919 845 ,
948 789 1198 833 mortem
1229 772 1410 845 obiit;
1445 773 1629 832 vitam
1658 773 1819 833 certe
1852 773 1943 833 di-

580 855 913 937 gnissimam
952 854 1070 935 egit
1095 896 1116 925 ,
1155 874 1284 934 quae
1319 852 1526 911 nullius
1567 852 1638 912 ad
1677 853 1738 913 id
1777 870 1941 913 tem·-

580 936 739 1017 poris
781 950 1160 1015 praeterquam
1200 935 1358 993 avito
1398 932 1622 1015 fulgore
1659 935 1941 995 vincere-

579 1033 691 1077 tur.
728 1012 999 1075 Decessit
1043 1034 1194 1074 anno
1237 1010 1420 1073 ferme
1465 1015 1937 1096 quinquagesimo

579 1094 742 1157 sexto
774 1117 789 1156 τ
826 1096 900 1156 de
938 1114 1055 1178 quo
1092 1096 1139 1154 si
1220 1096 1306 1153 uis
1343 1094 1595 1175 ambiget
1621 1139 1644 1166 ,
1685 1112 1938 1157 recurrat

580 1176 655 1235 ad
705 1178 959 1257 priorem
1009 1173 1182 1236 consu
1207 1191 1361 1234 atum
1414 1171 1538 1255 ejus
1577 1216 1597 1247 ‚
1647 1175 1709 1233 in
1761 1196 1938 1257 quem

578 1272 807 1316 creatu-s
839 1253 921 1315 est
957 1274 1109 1315 anno
1148 1257 1442 1337 trigesimo
1475 1252 1637 1317 sexto
1666 1276 1682 1316 ε
1718 1256 1798 1315 ita
1836 1256 1938 1318 du-

577 1336 762 1398 bitare
805 1335 1048 1396 desinet.

586 1432 593 1441 ’
658 1414 738 1477 V.
791 1413 951 1477 Ante
1006 1430 1126 1475 tem
1170 1436 1236 1474 us
1294 1412 1491 1477 excisae
1545 1414 1870 1477 Numantiae
1911 1462 1934 1493 ‚

576 1498 855 1639 gaeclara
913 1498 973 1556 in
1034 1496 1114 1555 Hi
1141 1498 1310 1578 pania
1385 1495 1590 1557 militia
1647 1496 1724 1557 A.
1768 1497 1931 1559 Bruti

644 1579 688 1637 it
730 1599 744 1637 :
785 1577 885 1661 qui
906 1624 925 1651 ‚
971 1578 1284 1660 penetratis
1326 1578 1596 1637 omnibus
1643 1576 1928 1658 Hispaniae

580 1659 846 1741 gentibus
870 1702 889 1731 ,
930 1660 1150 1740 ingenti
1189 1659 1253 1718 vi
1289 1656 1590 1719 hominum
1615 1702 1634 1733 ,
1673 1660 1929 1720 urbium-

580 1760 695 1819 que
716 1742 936 1820 potitus
955 1759 1198 1801 numero
1219 1781 1240 1811 ‚
1263 1738 1428 1799 aditis
1463 1760 1589 1820 quae
1611 1740 1712 1799 vix
1741 1740 1927 1801 audita

582 1836 785 1893 erant,
814 1817 1056 1880 Ganaeci
1081 1839 1410 1901 cognomen
1445 1821 1680 1899 metuit.v
1697 1818 1770 1879 Et
1805 1838 1930 1883 ante

580 1921 719 1959 eum
760 1901 953 1980 paucis
990 1901 1154 1959 annis
1190 1916 1309 1959 tam
1350 1899 1613 1963 severum
1651 1894 1798 1961 illius
1839 1900 1925 1981 Q.

576 1980 953 2041 Macedonici
981 1981 1040 2038 in
1063 1980 1148 2039 his
1172 1980 1431 2061 gentibus
1461 1982 1766 2062 imperium
1793 1980 1926 2057 fuit,

570 2076 641 2139 xut
666 2103 685 2132 ‚
725 2082 903 2143 quum
938 2059 1144 2121 urbem
1184 2058 1560 2121 Contrebiam
1596 2064 1842 2143 nomine
1869 2064 1926 2123 in

575 2138 851 2224 Hispania
877 2157 1239 2223 oppugnaret
1264 2187 1285 2217 ,
1360 2140 1502 2201 ulsas
1531 2144 1810 2223 praecipiti
1839 2144 1926 2203 lo-

574 2244 651 2283 co
700 2226 953 2305 quinque
1000 2222 1272 2283 cohortes
1345 2221 1660 2305 egionarias
1715 2222 1927 2285 eddem

576 2306 834 2385 protinus
895 2301 1082 2363 subire
1145 2299 1370 2381 juberet
1397 2348 1416 2377 ,
1479 2302 1927 2387 facientibusque

574 2383 844 2443 omnibus
886 2385 947 2442 in
990 2382 1286 2464 procin&u
1330 2382 1668 2444 testamenta
1694 2428 1713 2457 ,
1763 2386 1928 2446 velut

504 2486 515 2491 ·
574 2464 649 2523 ad
696 2480 915 2523 certam
962 2480 1213 2524 mortem
1259 2466 1512 2525 eundum
1547 2464 1755 2540 foret,
1805 2488 1926 2527 non

574 2544 881 2605 deterritus
906 2546 1209 2625 proposito
1229 2586 1251 2616 ‚
1285 2544 1700 2625 perseverantia
1731 2546 1928 2622 ducis,

574 2645 750 2706 quem
786 2628 1133 2685 moriturum
1157 2624 1381 2686 miserat
1413 2628 1657 2688 militem
1679 2672 1705 2701 ,
1739 2628 1930 2689 viCio-

572 2716 698 2764 tem
720 2708 956 2786 rec‘epit.
982 2705 1240 2776 Tantum
1268 2706 1460 2767 effecit
1487 2710 1698 2769 mixtus
1726 2708 1931 2769 timori

571 2785 791 2869 pudor,
823 2785 1058 2870 spesque
1085 2786 1478 2869 desperatione
1515 2791 1772 2873 quaesita.
1811 2788 1932 2850 Hic
