2067 3667
473 251 573 333 '66'
726 263 797 330 L.
850 262 1216 332 ANNAEI
1265 206 1572 330 FLo'at

476 381 689 466 Longe·
716 381 797 442 illi
828 380 1038 462 triplex
1061 399 1260 440 murus
1283 425 1302 454 ,
1341 379 1708 460 totidemque
1747 400 1856 440 ar-

476 485 577 524 ces
602 507 621 535 ,
658 480 859 544 portus
894 462 987 523 ille
1025 482 1384 522 marmoreus
1406 503 1426 532 ,
1467 461 1530 522 &
1567 458 1699 520 fons
1737 481 1844 522 ce-

475 544 729 605 lebratus
774 541 1074 604 Arethusae
1121 564 1142 615 ;
1192 544 1298 602 nisi
1348 541 1514 622 qubd
1563 540 1854 601 hacienus·

475 623 750 706 profuere
802 669 823 698 ,
868 641 931 684 ut
993 623 1400 703 pulchritudini
1453 621 1616 682 vistae
1676 623 1850 682 urbis

526 722 828 764 arceretur.
877 703 1196 764 Sardiniam
1237 703 1536 765 Gracchus
1582 705 1852 784 arripuitss¹

431 800 434 804 ’
475 725 637 844 nihil
679 784 757 844 illi
800 787 1058 866 gentium
1095 783 1290 844 feritas
1324 827 1344 857 ‚
1387 782 1850 864 Insanorumque

478 863 668 944 (nam
708 867 788 924 sic
821 863 1153 946 vocantur)
1191 866 1510 926 immanitas
1549 868 1842 926 montium.

426 955 431 962 '
479 945 770 1026 profuere.
823 943 1102 1006 Saeiritum
1145 948 1206 1006 in
1249 945 1419 1006 urbes
1453 987 1473 1018 ‚
1517 946 1844 1026 urbemque.

480 1027 711 1086 urbium
746 1024 1001 1086 Caralim
1022 1069 1043 1099 ,
1079 1042 1142 1086 ut
1176 1030 1331 1106 'gens'
1359 1043 1669 1086 contumax
1693 1069 1712 1099 ,
1743 1028 1848 1085 vi-

478 1105 656 1188 lisque
693 1109 869 1168 morti
896 1151 917 1177 ‚
957 1105 1158 1166 saltem
1197 1107 1486 1166 desiderio
1530 1108 1694 1186 patrii
1733 1105 1842 1166 soli

482 1187 833 1248 domaretur.
895 1185 961 1246 In
1012 1185 1368 1268 Hispaniam·
1413 1189 1573 1247 missi
1623 1184 1838 1250 Cnaeus

483 1269 548 1327 ὃ(
586 1267 815 1328 Publius
851 1266 1191 1349 Scipio-neS,
1238 1289 1388 1347 pene
1427 1284 1612 1328 totam
1647 1267 1852 1330 Poenis

484 1350 812 1426 eripuerant
850 1371 887 1408 :·
914 1347 1015 1408 sed
1073 1348 1288 1408 insidiis
1349 1347 1574 1410 Punicae
1624 1347 1840 1408 fraudis

483 1433 747 1508 oppressi
771 1426 957 1488 rursus
988 1427 1293 1489 amiserunt
1311 1473 1330 1502 ,
1355 1431 1572 1512 magnis
1601 1429 1844 1509 quidem

482 1509 563 1568 illi
596 1509 811 1590 proeliis
834 1531 1013 1590 quum
1038 1511 1274 1590 punicas
1297 1531 1444 1590 opes
1467 1509 1799 1570 cecidissent
1822 1532 1840 1571 t

484 1588 582 1652 sed
631 1590 855 1652 Punicae
898 1591 1116 1652 insidiae
1159 1591 1404 1650 alterum
1457 1589 1612 1652 ferro
1659 1589 1882 1654 castra?

484 1688 802 1732 metantem
828 1716 845 1743 ‚
871 1673 1140 1736 ,alterum
1181 1717 1201 1744 ,
1249 1693 1430 1752 quum
1471 1669 1734 1732 evasiss‘et
1779 1674 1848 1734 in

482 1754 685 1810 turrim
708 1797 727 1826 ‚
768 1751 1012 1812 cinctum
1037 1750 1254 1810 facibus
1281 1749 1696 1832 oppresserunt.
1725 1751 1844 1834 Igi-

483 1848 577 1890 tur
604 1834 663 1890 in
688 1833 967 1894 ultionem
988 1835 1162 1912 patris
1183 1854 1260 1890 ac>
1278 1836 1466 1913 patrui
1488 1831 1678 1893 mistus
1705 1854 1844 1894 cum

484 1914 741 1972 exercitu
766 1911 997 1992 Scipio,
1030 1915 1122 1972 cui
1152 1932 1272 1972 tam
1305 1913 1516 1996 grande
1544 1915 1616 1973 de
1642 1913 1846 1974 Afri-ca

482 2013 701 2052 nornen
744 1991 859 2052 fata
899 1994 1283 2054 decreverant
1313 2039 1336 2066 ‚
1375 1995 1730 2054 bellatricem
1771 1995 1847 2054 il-

484 2072 601 2136 lam
626 2117 644 2145 ,
670 2075 807 2134 viris
848 2072 1128 2154 armisque
1165 2075 1424 2134 nobilem
1463 2074 1796 2157 Hispaniam
1819 2121 1842 2150 ,

484 2153 639 2214 illam
679 2153 1039 2216 seminarium
1073 2154 1288 2214 hostilis
1329 2155 1608 2216 exercitiis
1632 2199 1652 2229 ‚
1681 2156 1844 2218 illam

484 2235 786 2296 Annibalis
822 2237 1194 2296 eruditricem
1229 2235 1604 2317 (incredibile
1644 2235 1842 2318 dictu)

486 2331 671 2379 totam
692 2339 723 2374 a
748 2317 1039 2396 Pyrenaeis
1061 2319 1354 2380 montibus
1374 2320 1432 2378 in
1452 2318 1718 2378 Herculis
1743 2339 1842 2377 co-

438 2399 443 2404 '
482 2395 701 2457 lamnas
740 2399 805 2458 &
840 2396 1151 2460 Oceanum
1193 2401 1552 2479 recuperavit
1573 2443 1592 2472 ‚
1619 2396 1842 2458 nescias

486 2478 651 2538 citius
676 2521 694 2548 ,
728 2499 801 2538 an
836 2476 1078 2538 felicius.
1113 2477 1316 2556 Quam
1339 2479 1660 2551 velociter,
1697 2499 1842 2562 qua-

482 2573 616 2616 tuor
646 2559 778 2616 anni
812 2556 1062 2618 fatentur
1095 2579 1110 2616 :
1151 2558 1326 2639 quam
1358 2559 1522 2620 facile
1543 2605 1562 2634 ,
1591 2561 1694 2622 vel
1727 2582 1840 2620 una

486 2639 685 2696 civitas
729 2639 954 2718 probat.
994 2636 1224 2700 Eodem
1266 2643 1482 2722 quippe
1507 2687 1526 2713 ‚
1569 2662 1686 2722 quo
1729 2641 1840 2700 ob-

487 2714 623 2781 sessa
642 2716 725 2799 est
744 2720 839 2782 die
860 2764 881 2796 ,
900 2737 1070 2804 capta
1089 2719 1172 2786 est
1193 2744 1214 2800 3
1233 2742 1523 2805 omenque
1547 2721 1844 2785 Africanae
