2067 3667
367 254 374 258 ⁸
495 238 774 365 Hrsr.
823 295 1131 368 Luna
1168 294 1272 367 ῙῙ.
1454 320 1551 393 97

197 411 552 495 septuaginta
601 412 748 474 duos
797 413 971 555 <viem
1011 432 1077 475 tu
1111 457 1133 489 ‚
1180 412 1269 477 Μ.
1314 414 1511 477 Vinici
1532 458 1557 491 ,

199 493 558 555 consulatum
589 496 785 554 inires.
871 494 978 555 idit
1011 495 1103 557 hic
1132 512 1315 557 annus
1341 496 1561 558 Venti-

199 576 362 635 dium
403 619 422 649 ‚
466 594 573 655 per
625 594 797 657 quam
845 575 1051 635 urbem
1102 576 1255 637 inter
1292 580 1557 659 captivos
1614 626 1621 631 .

199 654 524 717 Picentium
553 657 618 715 in
647 656 940 738 triumpho
973 655 1174 717 duetus
1209 674 1331 717 erat
1350 700 1371 732 ‚
1392 658 1455 717 in
1484 678 1557 719 ea

199 735 564 797 consularem
602 752 934 831 praetextam
969 735 1306 820 jungentem
1343 755 1559 820 praeto-

201 818 323 877 riae.
361 814 527 877 Idem
560 816 652 877 luc
683 815 883 898 postea
911 819 1299 900 triumphavit.

179 938 188 943 -
283 895 542 957 LXVI.
577 897 828 958 Furente
871 899 1087 959 deinde
1128 898 1393 961 Antonio
1416 942 1439 973 ‚
1480 899 1560 959 si·-

201 978 444 1059 mulque
471 977 694 1057 Lepido
716 1022 736 1049 ,
759 998 1008 1059 quorum
1028 994 1161 1038 uter
1240 1000 1273 1039 e
1288 1022 1309 1052 ‚
1328 996 1392 1041 ut
1414 998 1561 1059 Ρω-

203 1059 458 1118 diximus
474 1102 492 1127 ,
526 1058 852 1139 reipublicae
877 1056 1073 1119 hostes
1102 1056 1162 1139 ju
1206 1060 1337 1119 icati
1362 1074 1559 1131 erant,

201 1158 390 1221 quum
442 1136 616 1198 ambo
673 1138 912 1199 mallent
967 1138 1075 1199 sibi
1126 1140 1367 1199 nuntiari
1418 1138 1559 1221 quid

203 1221 358 1302 passi
397 1217 574 1280 effent
593 1262 613 1291 ,
690 1218 822 1279 niun
899 1219 1000 1281 uid
1038 1217 1437 1294 ememiss‘fflt,
1464 1238 1562 1280 re-

205 1316 778 1458 Ξεξξῗῗὲῑὶευητὲξξ
795 1300 1011 1441 S'ullegti
1023 1296 1562 1462 ῗὲἓαξῖἥιιΐινιῗιιῗιιῂῒ

207 1460 564 1543 proscriptio.
596 1459 757 1521 Nihil
785 1478 904 1521 tam
937 1461 1238 1543 indignum
1268 1461 1371 1523 illo
1400 1478 1561 1521 tem-

208 1562 351 1623 pore
383 1540 488 1602 fuit
510 1586 529 1616 ‚
560 1540 734 1623 quem
765 1542 926 1623 qubd
949 1560 1046 1617 ant
1077 1540 1271 1603 Caesar
1303 1543 1559 1637 aliquem

207 1620 562 1703 proscribere
581 1620 808 1681 coaetus
829 1621 914 1681 est
935 1666 954 1693 ‚
983 1637 1078 1682 ant
1096 1623 1169 1681 ab
1191 1621 1313 1681 ullo
1340 1620 1561 1683 Cicero

201 1700 557 1783 'proscriptus
589 1700 672 1761 est
697 1722 717 1775 3
752 1699 1093 1782 abscissaque
1128 1700 1341 1762 scelere
1369 1700 1562 1762 Anto·

165 1810 175 1817 ·
209 1785 290 1843 nii
337 1804 460 1845 vox
499 1781 732 1863 publica
765 1779 850 1843 est
867 1825 889 1855 ,
937 1802 1116 1864 quum
1152 1779 1279 1862 ejus
1322 1779 1561 1843 salutem

210 1884 386 1925 nemo
433 1860 770 1925 defendiss‘et
798 1906 820 1936 ,
859 1865 958 1946 qui
995 1883 1101 1944 per
1142 1878 1235 1924 tot
1272 1882 1453 1923 annos
1490 1863 1561 1925 ὃ(

209 1945 496 2083 publicam
527 1945 771 2009 civitatis
801 1944 866 2006 &
897 1945 1181 2023 privatam
1214 1944 1431 2005 civium
1455 1941 1562 2004 de-

237 2025 486 2085 enderat.
525 2024 686 2089 Nihil
725 2041 918 2087 tamen
957 2022 1163 2107 egisti,
1205 2022 1295 2084 Μ.
1333 2022 1561 2084 Antoni

215 2102 420 2185 [cogit
464 2106 616 2163 enim
661 2103 942 2167 excedere
990 2104 1275 2185 propositi
1310 2101 1563 2163 formam

171 2226 178 2231 -
215 2186 413 2266 operis
445 2228 468 2257 ,
503 2204 808 2265 erumpens
851 2187 1045 2243 animo
1086 2204 1151 2243 ac
1236 2181 1431 2243 celon-e
1472 2184 1564 2241 in·

214 2263 514 2404 dignatiol]
567 2264 748 2336 nihil,
782 2266 1016 2345 inquam
1039 2306 1061 2336 ‚
1098 2262 1191 2345 egi
1238 2264 1301 2335 i,
1338 2282 1567 2323 merce-

215 2346 351 2419 dem
383 2366 474 2406 coe
499 2342 763 2405 estissimi
791 2348 908 2405 oris
941 2345 1006 2405 &
1036 2342 1331 2403 clarissimi
1365 2344 1565 2425 capitis

215 2425 442 2487 abscissi
467 2423 818 2485 numerando
839 2468 860 2500 ‚
897 2423 1443 2519 aueloramentoque
1472 2423 1565 2485 fu-

217 2506 384 2567 nebri
413 2506 485 2565 ad
511 2504 930 2567 conservatoris
961 2504 1253 2587 quondam
1286 2504 1566 2585 reipubli-

218 2608 304 2648 cae
329 2588 584 2668 tantique
609 2584 854 2646 consulis
879 2584 1159 2647 irritando
1186 2606 1416 2647 necem.
1441 2584 1565 2645 Ra-

221 2665 388 2749 puisti
431 2683 492 2727 tu
527 2666 617 2727 M.
655 2664 924 2727 Ciceroni
973 2668 1164 2726 lucem
1209 2664 1503 2726 sollicitam
1540 2708 1565 2738 ,

219 2750 558 2821 &atatem
592 2744 827 2811 senilem
845 2790 868 2825 ,
901 2748 968 2813 δι
997 2748 1183 2813 vitam
1214 2744 1569 2809 miseriorem

1310 2824 1365 2889 E
