2067 3667
562 263 617 334 t.
666 281 705 333 ι
751 281 805 334 Β
860 284 907 333 E
956 283 1013 334 n
1109 262 1152 332 I
1181 261 1242 333 Ῐ.
1294 297 1303 302 -
1481 257 1572 358 81

246 421 291 468 -c
848 403 1567 478 “Q

222 533 233 542 ’
494 532 569 605 Ο
594 531 656 601 Α
687 531 738 600 Ρ
773 533 843 603 U
876 531 942 604 T
1039 531 1114 602 X
1147 534 1175 603 1
1207 533 1302 612 V.

236 727 248 736 .
274 675 569 730 BELLUM
602 673 1143 730 MACEDONICUM
1179 673 1544 746 TERTIUM„

228 797 351 938 Q
367 865 413 907 u
433 862 477 906 o
502 863 547 904 D
572 863 615 905 Α
642 861 694 904 Μ
718 841 841 904 fato
858 888 879 916 ,
910 842 1074 926 quasi
1107 843 1188 903 ita
1218 840 1570 906 convenisset

218 925 369 986 inter
386 925 603 986 Poenos
624 926 691 986 &
717 923 1071 984 Macedonas
1092 968 1122 996 ,.
1138 939 1202 984 ut
1227 927 1400 984 tertio
1431 941 1574 1008 quo·

220 1021 336 1088 que
368 1006 766 1074 vincerentur,
799 1003 1012 1064 e'odem
1043 1020 1311 1086 ternpore
1347 1008 1574 1086 utrique

220 1107 379 1144 arma
415 1101 727 1146 moverunt
758 1104 771 1140 :
802 1082 901 1144 sed
936 1085 1095 1165 prior
1125 1083 1323 1166 jugum
1361 1089 1574 1146 excutit

221 1165 477 1226 Macedo
499 1211 522 1238 ,
558 1166 848 1246 aliquanto
870 1209 889 1236 ‚
922 1163 1096 1244 quam
1121 1165 1286 1238 ante,
1307 1167 1572 1246 gravior,

222 1245 363 1305 dum
392 1247 799 1306 contemnitur.
826 1241 1009 1306 Causa
1037 1244 1186 1305 Belli
1219 1245 1403 1328 prope
1441 1265 1572 1308 eru-

220 1325 507 1387 bescenda
536 1347 550 1386 z
581 1327 796 1408 quippe
831 1344 1071 1408 regnum
1105 1329 1314 1408 pariter
1347 1326 1414 1388 &
1441 1326 1572 1389 Bel·

220 1405 345 1468 I'um
363 1411 453 1468 vir
480 1407 703 1467 ultimae
732 1404 893 1467 sortis
913 1406 1228 1467 Andriscus
1256 1406 1570 1489 inyaserat3

220 1487 461 1548 dubium
494 1487 641 1548 liber
672 1508 753 1547 an·
768 1485 963 1547 servus
987 1533 1004 1559 ‚
1030 1490 1419 1548 mercenarius
1443 1489 1574 1550 cer-³·
1689 1493 1692 1496 ’

220 1569 279 1627 τὲ
308 1590 321 1629 :
350 1567 448 1628 sed
474 1571 605 1650 qnia
626 1569 807 1649 vulgo
834 1588 906 1626 ex
935 1567 1304 1628 similitudine
1325 1567 1469 1628 Phili
1513 1571 1574 1656 pi

224 1646 717 1728 Pseudophilippus
762 1646 1081 1707 vocabatur
1128 1692 1147 1721 ,
1197 1649 1412 1729 regiam
1450 1587 1575 1708 flor-

222 1749 382 1800 mam
403 1773 422 1803 ,
456 1729 679 1810 regium
711 1746 965 1801 nomen,
990 1728 1185 1787 animo
1219 1747 1452 1810 quoque
1483 1749 1577 1790 re-

221 1811 321 1892 gio
374 1807 657 1891 implevit.
706 1805 733 1868 I
774 1809 884 1866 itur
928 1806 1068 1866 dum
1109 1807 1230 1869 haec
1271 1808 1388 1890 ipsa
1431 1830 1576 1874 con-

219 1892 426 1950 temnit
464 1888 714 1971 populus
803 1907 1082 1961 omanus,
1120 1887 1389 1949 Iuventio
1421 1911 1574 1972 prae-⁴

186 1988 349 2031 ,tore
398 1971 701 2030 contentus
729 2014 746 2040 ‚
782 1972 973 2029 virum
1010 1989 1146 2028 non·
1174 1969 1574 2032 Macedonicis

221 2051 406 2110 modo
446 2095 467 2126 ,
508 2049 605 2111 sed
643 2047 907 2110 Thraciae
950 2070 1182 2131 quoque
1225 2051 1443 2126 auxiliis
1485 2055 1578 2110 in·-

114 2157 121 2163 ·
220 2131 488 2214 gentibus
518 2129 774 2193 validum
812 2147 1033 2190 temere
1067 2133 1313 2193 tentavit
1341 2153 1361 2205 3
1392 2134 1580 2193 invi-c·-

219 2211 421 2294 tusque
455 2233 487 2270 a
517 2213 669 2272 veris
701 2209 929 2294 regibus
962 2254 982 2285 ,
1018 2209 1214 2271 abillo
1240 2211 1576 2294 imaginario

222 2293 289 2356 &
344 2289 568 2352 scenico
618 2309 752 2376 rege
806 2289 1120 2372 superatur.
1175 2289 1290 2356 Sed
1345 2292 1577 2358 consule

223 2371 473 2432 Metello
522 2371 775 2432 amiffum
822 2391 952 2431 cum
991 2372 1238 2454 legione·
1263 2391 1575 2456 praetorem

221 2452 555 2534 plenissime¹
580 2453 730 2513 ultus
764 2451 865 2514 est.
895 2451 1138 2514 Nam&
1159 2451 1576 2517 Macedoniam

223 2533 495 2594 servitute
528 2533 793 2594 multavit
828 2555 848 2608 ;
890 2534 955 2594 &
990 2535 1196 2594 ducem
1229 2534 1369 2596 belli
1408 2536 1578 2597 dedi·

220 2633 348 2674 tum
391 2616 463 2675 ab
489 2636 564 2676 eo
583 2661 599 2684 ,
624 2613 698 2675 ad
721 2633 895 2696 quem
919 2613 1253 2697 confugerat
1271 2661 1290 2689 ,
1314 2614 1579 2680 Thracia

222 2695 475 2778 tegulo,
506 2698 565 2759 in
586 2693 810 2761 Urbem
842 2697 899 2755 in
933 2699 1144 2757 catenis
1170 2697 1396 2757 reduxit
1420 2720 1438 2774 ;
1464 2698 1578 2764 hoc

1231 2774 1378 2860 Di·
