2067 3667
565 287 1009 368 Lzsszn
1105 299 1234 370 ΙΙ.
1483 297 1580 395 89

222 415 422 476 tiberis
446 457 469 490 ‚
511 417 617 474 nisi
660 416 775 476 dux
814 416 963 477 illius
1007 417 1202 480 motus
1239 417 1402 480 initio
1441 419 1584 480 belli

224 493 523 576 oppress'us
566 494 742 569 effet,
782 496 1034 558 summus
1071 500 1163 560 vir
1201 497 1321 558 astu
1368 501 1432 560 &
1476 521 1581 559 atr-

224 577 389 636 dacia
422 621 441 650 ,
484 579 530 636 si
580 597 673 636 res
719 577 967 638 cessiss'et
989 624 1009 648 ,
1054 576 1391 640 Salondicus
1413 626 1432 654 ,
1476 583 1580 662 qui

224 655 441 736 hastam
482 675 809 738 argenteam
855 665 1118 740 quatiens
1155 703 1175 734 ‚
1222 660 1382 721 velut
1422 660 1578 720 coelo

225 735 445 796 missam
473 783 491 807 ,
537 740 868 812 vaticinanti
912 739 1108 798 similis
1135 783 1157 810 ,
1200 743 1460 800 omnium
1517 742 1578 799 in

224 815 283 877 se
334 835 557 878 mentes
614 836 994 879 converterat.
1045 817 1162 879 Sed
1216 841 1392 901 quum
1449 823 1578 902 pari

224 900 545 958 temeritate
594 897 693 957 sub
740 897 911 958 noble
960 898 1141 960 castra
1185 899 1430 960 consulis
1481 901 1582 960 ad-

223 976 370 1039 iiffet
400 1023 423 1052 ,
457 975 615 1057 juxta
662 979 971 1038 tentorium
1021 978 1206 1061 ipsum
1251 980 1373 1060 pilo
1427 982 1487 1042 vi
1529 984 1586 1047 i-‚

223 1059 293 1118 lis
332 1075 603 1140 exceptus
653 1057 751 1119 est.
798 1055 1076 1119 Ceterum
1123 1058 1428 1120 Lusitanos
1530 1064 1583 1119 i-

223 1139 457 1216 riathusfl
484 1139 665 1198 erexit
692 1184 711 1211 ‚
750 1141 841 1198 vir
885 1139 1204 1199 calliditatis
1240 1141 1530 1201 acerrimae
1560 1162 1587 1214 ·,

224 1220 327 1300 qui
385 1240 457 1277 ex
506 1235 785 1278 venatore
833 1219 977 1281 latro
1025 1265 1050 1292 ,
1090 1239 1164 1278 ex
1212 1220 1432 1281 latrone
1489 1220 1584 1295 suff

224 1301 351 1372 bito
404 1298 521 1357 dux
571 1317 739 1380 atque
786 1301 1101 1380 imperator
1135 1344 1154 1373 ,
1209 1302 1272 1361 &
1307 1346 1330 1374 ,
1369 1303 1415 1360 si
1459 1299 1583 1360 for-

224 1397 365 1440 tuna
405 1376 651 1438 cessisset
678 1422 697 1451 ,
742 1377 1030 1460 Hispaniae
1075 1378 1355 1440 Romulus
1394 1424 1413 1452 ,
1457 1403 1582 1443 non

223 1477 532 1524 contentus
578 1459 903 1520 libertatem
946 1459 1175 1521 suorum
1225 1460 1588 1537 defendere,‘

224 1561 335 1624 per
376 1540 812 1623 quatuordecim
848 1561 1028 1599 annos
1069 1543 1264 1600 omnia
1306 1546 1444 1601 citra
1481 1543 1583 1602 ul-

224 1640 430 1702 traque
476 1619 709 1680 Iberum
762 1621 827 1680 &
866 1618 1097 1701 Tagum
1149 1623 1266 1701 igni
1309 1620 1584 1702 ferroque

222 1700 540 1786 populatus
564 1721 583 1773 3
610 1697 788 1759 castra
813 1701 983 1758 etiam
1016 1716 1325 1779 praetorum
1348 1701 1410 1762 ὅ(
1436 1722 1587 1781 prae-

224 1782 417 1841 sidum
466 1777 749 1861 aggreffus
780 1823 800 1852 ,
861 1777 1172 1840 Claudium
1225 1779 1577 1842 Unimanum

274 1863 379 1920 ene
414 1861 486 1920 ad
519 1863 971 1921 internecionem
1006 1861 1287 1920 exercitiis
1328 1863 1538 1923 cecidit
1559 1908 1586 1936 ,

224 1885 299 2004 ἓξ
320 1943 555 2022 insignia
587 1941 793 2013 trabeis
824 1941 888 2002 &
914 1939 1156 2000 fascibus
1188 1939 1428 2015 nostris,
1452 1965 1580 2024 quae

226 2042 464 2103 ceperat
488 2067 511 2094 ,
551 2024 614 2080 in
651 2021 940 2081 montibus
987 2019 1098 2079 suis
1151 2039 1366 2100 tropaea
1411 2020 1531 2082 fixit
1562 2046 1581 2084 ι

222 2103 463 2162 tandem
501 2106 671 2162 etiam
704 2101 907 2161 Fabius
935 2099 1226 2160 Maximus
1256 2100 1452 2161 consul
1475 2100 1584 2184 opss

274 2181 496 2242 refferat
531 2204 544 2241 :
586 2179 681 2241 sed
716 2203 747 2240 a
784 2177 1094 2240 successore
1128 2179 1419 2260 Pompilio
1455 2184 1590 2242 vio·

223 2205 340 2323 Eua
371 2262 612 2322 visleria
649 2259 729 2321 est
768 2284 782 2321 ε
821 2263 1036 2341 quippe
1072 2261 1170 2341 qui
1207 2259 1583 2324 conficiendae

224 2345 314 2403 rei
354 2344 591 2422 cupidus
617 2387 635 2414 ,
666 2339 902 2401 fraflum
940 2341 1150 2401 ducem
1173 2385 1194 2415 ‚
1230 2343 1293 2402 &
1332 2360 1590 2403 extrema

225 2423 539 2502 deditionis
576 2445 607 2481 a
648 2424 881 2483 itantem
902 2468 918 2491 ,
948 2442 1054 2502 per
1082 2420 1372 2493 fraudem,
1405 2424 1466 2483 &
1494 2425 1591 2494 ina

226 2504 405 2564 sidias
432 2547 455 2573 ,
492 2505 553 2564 &
632 2501 937 2562 omesticos
970 2501 1325 2582 percussores
1364 2523 1434 2586 ag
1473 2502 1591 2563 res-

224 2582 363 2654 sus‚
402 2582 549 2641 hanc
575 2580 725 2640 hosti
754 2583 993 2662 gloriam
1020 2583 1219 2657 dedit,
1259 2601 1323 2648 ut
1358 2587 1419 2648 vi
1463 2603 1596 2658 ere:

226 2681 325 2726 tur
358 2663 521 2726 aliter
549 2662 705 2726 vinci
737 2682 856 2724 non
888 2661 1158 2743 potuiss'e.
