2067 3667
452 300 731 395 Htsr.
782 305 1088 386 LIBER
1137 290 1204 375 1⁴.⁸
1461 290 1506 403 5

140 422 305 483 hunc
340 417 461 483 -inse
504 436 737 484 nentem
773 421 1108 484 Thessalum
1153 444 1220 483 ea
1301 438 1400 485 ens
1445 424 1510 485 id

140 504 403 563 nominis
443 524 480 562 u
508 504 817 583 urpaverit.
862 504 1040 564 Paule>
1079 506 1208 563 ante
1311 504 1503 579 Ietes',

142 583 341 644 sextus
367 582 439 642 ab
463 583 716 644 Hercule
732 628 751 657 ‚
780 584 1054 665 Hippotis
1079 584 1226 644 filius
1243 630 1262 659 ,
1291 584 1506 645 Corin-

142 666 317 724 thum
335 708 354 737 ,
384 684 511 745 quae
547 680 711 725 antea
741 664 925 725 fuerat
951 664 1192 747 Ephyre
1217 710 1236 738 ‚
1266 665 1504 725 claustra

140 745 537 826 Peloponnesi
568 748 959 806 continentem
982 791 1000 819 ,
1034 749 1092 805 in
1119 744 1334 805 Isthmo
1369 768 1508 805 con-

144 826 321 887 didit.
360 824 571 907 Neque
617 825 699 885 est
744 826 903 907 quod
942 828 1214 886 miremur
1253 826 1322 885 ab
1367 827 1506 886 Ho-

142 926 319 967 mero
349 908 633 965 nominari
673 905 1021 968 Corinthum
1054 930 1067 967 ε
1101 928 1233 965 nam
1267 926 1338 966 ex
1414 928 1510 966 er·-

144 988 293 1047 sona
328 986 519 1046 Poetae
560 988 623 1047 &
660 986 803 1045 hanc
840 988 1042 1059 urbem
1070 1032 1088 1058 ‚
1131 990 1196 1048 &
1237 990 1347 1067 qua
1376 988 1509 1046 dam

146 1066 363 1129 Ionum
418 1067 679 1127 colonias
723 1068 789 1125 iis
832 1068 1159 1125 nominibus
1200 1065 1448 1145 appellat
1487 1078 1508 1136 ,’

150 1148 361 1229 quibus
389 1148 749 1208 vocabantur
778 1164 942 1208 aetate
976 1144 1140 1226 ejus',
1169 1147 1355 1207 multo
1373 1144 1510 1229 'post

148 1230 327 1291 Ilium
360 1250 421 1287 ca
466 1244 590 1288 tum
624 1227 891 1289 conditae.
952 1293 959 1299 ,
1026 1225 1032 1231 ’
1148 1262 1153 1265 -
1215 1256 1222 1262 ’

238 1309 355 1370 lv.
457 1308 777 1369 thenienses
807 1310 864 1367 in
886 1305 1106 1367 Euboea
1131 1304 1411 1368 Chalcida
1443 1309 1508 1369 &

148 1390 476 1453 Erethriam
518 1390 739 1449 colonis
776 1410 1140 1469 occupavere
1173 1411 1192 1463 ;
1233 1388 1510 1449 Lacedae·-

149 1474 342 1533 monii
393 1473 452 1529 in
510 1468 653 1529 Asia
701 1468 1076 1553 Magnesiam.
1142 1468 1271 1529 Nee
1325 1469 1514 1529 multo

148 1551 289 1636 post
322 1548 725 1613 Chalcidenses
747 1594 766 1623 ‚
802 1552 956 1621 orti,
993 1566 1058 1608 ut
1094 1550 1461 1631 praediximus
1491 1594 1512 1623 ‚

151 1633 374 1695 Atticis
407 1676 425 1705 ‚
475 1630 765 1713 Hippocle
812 1633 877 1693 &
922 1628 1303 1711 Megasthene
1351 1630 1516 1687 duci-

149 1716 271 1775 bus
294 1757 315 1786 ‚
352 1710 563 1773 Cumas
593 1714 650 1771 in
682 1711 844 1771 Italia
880 1710 1281 1771 condiderunt.
1321 1707 1515 1786 Hujus

152 1796 353 1855 classis
390 1792 613 1853 cursum
648 1790 758 1853 effe
792 1790 1070 1852 direflum
1098 1791 1191 1851 alii
1224 1790 1514 1851 columbae

154 1874 550 1935 antecedentis
586 1874 789 1943 volatu
820 1872 1009 1932 ferunt
1039 1894 1059 1946 3
1101 1873 1198 1931 alii
1234 1871 1516 1931 nofiurno

154 1959 289 2031 aeris
326 1954 469 2016 sono
494 2002 517 2029 ,
561 1955 745 2038 qualis
786 1950 1124 2015 Cerealibus
1163 1951 1328 2012 sacris
1375 1954 1518 2013 cieri

156 2037 328 2098 solet.
362 2036 497 2096 Pars
530 2036 738 2095 horum
776 2037 1120 2094 civium-ma
1161 2056 1238 2094 no
1271 2032 1400 2113 post
1433 2036 1519 2093 in-

156 2116 410 2178 tervallo
434 2114 747 2198 Neapolim
772 2116 1054 2175 condidit.
1146 2114 1398 2193 triusque
1425 2134 1518 2172 ur-

155 2200 248 2259 bis
288 2198 503 2257 eximia
536 2196 761 2280 semper
790 2199 847 2255 in
864 2195 1172 2273 Romanos
1206 2193 1354 2253 fides
1386 2192 1520 2253 facit

156 2300 261 2340 eas
306 2278 607 2339 nobilitate
634 2322 651 2350 ,
700 2294 872 2357 atque
918 2276 1244 2335 ainoenitate
1275 2272 1388 2333 suit
1429 2275 1520 2333 dis

158 2362 467 2443 gnissimas
495 2368 514 2417 ’τ
550 2357 649 2418 fed
686 2357 808 2417 aliis
854 2356 1186 2437 diligentior
1227 2354 1369 2415 ritus
1413 2376 1520 2435 pa-

158 2444 253 2500 trii
284 2442 497 2499 mansit
532 2438 831 2511 custodia3
870 2434 1171 2497 Cumanos
1203 2434 1360 2496 Osca
1393 2456 1522 2495 mu-

160 2524 308 2581 tavit
338 2521 571 2580 vicinia.
604 2518 779 2579 Vires
818 2535 1011 2593 autem
1052 2532 1284 2579 veteres
1321 2536 1520 2577 earum

160 2602 397 2661 urbium
426 2601 719 2682 hodieque
743 2598 1078 2680 magnitudo
1107 2596 1353 2658 ostentat
1378 2618 1524 2657 rnoe-

162 2685 344 2742 nium.
404 2679 781 2761 Subsequenti
838 2690 1107 2760 tempore
1164 2698 1370 2759 magna
1435 2680 1520 2737 vis

162 2762 393 2827 Graecae
426 2760 779 2843 juventutis,
813 2758 1155 2822 abundantia
1187 2760 1400 2817 virium
1437 2756 1526 2827 seq

1161 2834 1219 2899 A
1260 2840 1318 2920 iij
