2067 3667
800 100 837 117 l

579 308 672 391 54
817 286 890 359 C.
949 289 1213 355 Vsu.
1265 284 1670 354 PA‘rssitc.

569 408 681 473 sib'i
702 406 1008 469 videbatur
1024 448 1047 477 ,
1062 404 1171 486 ‘qui‘
1184 400 1369 465 fuerat
1392 404 1693 487 pessimus.
1723 399 1927 484 Quip-

567 508 648 574 pe
687 489 827 551 dum
863 484 940 549 ad
981 484 1372 569 Sacriportum
1410 485 1713 545 dimicatur
1734 528 1759 557 ,
1798 483 1931 545 Da·

567 571 754 650 masip
797 588 864 630 us
913 583 1131 663 prator
1176 564 1507 627 Domitium
1536 610 1556 637 ‚
1599 562 1927 627 Scaevolam

567 653 739 712 etiam
813 646 1112 710 onnficem
1138 648 1487 721 maximum,
1508 647 1578 709 δι
1606 646 1793 707 divini
1828 647 1931 707 hu·

566 728 1006 875 Zffiilt‘ss?
1015 726 1929 891 ἆῇἓῗιῗξῗέἓῗζῖεἷωέἓὲιῗ

855 868 858 873 -
1362 852 1383 881 s
1913 850 1932 881 ς

567 892 637 954 δι
652 890 964 953 Antistium
995 890 1289 951 aedilitium
1301 935 1322 964 ‚
1341 890 1508 949 velut
1526 887 1791 953 faventes
1806 887 1929 949 Sul-

567 972 643 1035 1ae
677 972 934 1055 partibus
953 1014 974 1045 ,
1011 972 1073 1033 in
1092 971 1271 1034 .curia
1312 966 1557 1031 Hostilia
1598 970 1928 1031 trucidavit.

565 1050 710 1116 Non
747 1051 948 1135 perdat
979 1050 1324 1113 nobilissimi
1358 1048 1488 1111 faeti
1558 1051 1760 1111 loriam
1794 1049 1931 1111 Cal·

566 1135 812 1226 puritia,
851 1130 1057 1195 Bestiae
1092 1128 1211 1214 filia
1238 1174 1261 1204 ,
1301 1151 1451 1192 uxor
1546 1128 1763 1203 ntistii‚
1800 1150 1931 1212 quas

564 1236 632 1297 ju
709 1213 864 1285 lato,
898 1230 962 1274 ut
991 1211 1393 1296 praediximus,
1412 1212 1545 1272 viro
1566 1254 1586 1285 ‚
1610 1211 1805 1295 gladio
1840 1211 1933 1273 se-

566 1234 746 1376 ipffm
773 1292 1074 1355 transfixit.
1102 1290 1406 1372 Quantum
1428 1289 1597 1372 hujus
1625 1292 1823 1376 gloriae
1846 1291 1931 1355 fa-

568 1394 796 1456 maeque
838 1376 1079 1436 accessit
1120 1375 1137 1436 l
1188 1393 1339 1435 nunc
1384 1374 1599 1435 virtute
1647 1375 1867 1437 eminet
1910 1416 1933 1451 ,

451 1475 458 1480 ·
569 1454 756 1538 patria
797 1454 952 1517 latet.

650 1534 950 1597 XXVII.
1012 1534 1101 1597 At
1150 1534 1390 1597 Pontius
1410 1496 1417 1501 .
1443 1534 1753 1598 Telesinus
1812 1490 1933 1597 dux

567 1614 942 1690 Samnitium,
961 1618 1055 1677 vir
1080 1618 1243 1677 domi
1272 1617 1525 1697 bellique
1548 1615 1894 1677 fortissimus
1909 1662 1933 1693 ,

566 1694 908 1779 penitus-que
936 1696 1208 1759 Romano
1242 1699 1464 1758 nomini
1492 1696 1887 1761 infestissimus
1908 1741 1931 1773 ,
2046 1718 2048 1792 ξ

565 1777 864 1843 ςοηττειξὶὶε
889 1778 1117 1839 circiter
1138 1779 1509 1861 quadraginta
1528 1778 1784 1841 millibus
1805 1777 1932 1839 for-

565 1859 802 1918 tissimae
858 1861 1437 1940 pertinacissimaeque
1496 1860 1557 1917 in
1610 1860 1933 1921 retinendis

565 1940 736 1999 armis
757 1936 1113 2018 juventutis,
1151 1936 1424 2001 Carbone
1455 1951 1521 1999 a'c
1554 1938 1749 2000 Mario
1786 1963 1932 2002 con·

567 2016 778 2080 sulibus
819 2064 842 2091 ,
872 2020 1077 2081 abhinc
1109 2042 1289 2081 annos
1332 2038 1567 2081 centum
1613 2020 1886 2082 undecim
1911 2067 1933 2096 ,
2044 2080 2046 2097 ,

566 2096 838 2189 Calendis
855 2100 1321 2174 Novembribus,
1344 2098 1424 2162 it'a
1442 2102 1515 2164 ad
1537 2120 1763 2183 portam
1784 2102 1935 2165 Col·-
2045 2166 2046 2179 2

566 2180 740 2241 linam
765 2202 898 2241 cum
922 2180 1076 2243 Sulla
1101 2182 1393 2245 dimicavit
1411 2226 1431 2256 ‚
1456 2199 1519 2243 ut
1545 2182 1617 2243 ad
1636 2182 1935 2247 summum
2045 2180 2046 2197 ¹

565 2260 872 2322 discrimen
908 2263 972 2323 &
997 2280 1134 2323 eum
1170 2264 1234 2324 &
1266 2262 1682 2345 rempublicam
1711 2264 1935 2346 perdu-

564 2360 778 2403 ceret:
823 2364 951 2423 quae
993 2364 1113 2403 non
1153 2343 1338 2423 majus
1379 2345 1699 2427 periculum
1739 2345 1884 2415 adiit
1908 2390 1933 2418 ,

563 2421 866 2485 Annibalis
909 2425 1056 2485 intra
1102 2428 1336 2485 tertium
1376 2425 1703 2485 milliarium
1747 2424 1935 2489 castra

564 2502 892 2585 conspicata
915 2548 934 2575 ,
968 2504 1143 2587 quam
1176 2526 1249 2566 eo
1287 2506 1419 2578 die,
1488 2528 1567 2567 uo
1594 2508 1933 2567 circumvo—
2042 2566 2044 2573 ,

564 2584 688 2644 lans
721 2584 954 2645 ordines
987 2586 1268 2648 exercitiis
1306 2584 1384 2647 sui
1487 2587 1735 2648 elesinus
1755 2631 1774 2657 ‚
1808 2588 1935 2648 dic-

563 2661 842 2744 titansque
873 2664 1062 2727 adeffe
1096 2666 1373 2728 Romanis
1411 2667 1679 2729 ultimum
1716 2668 1879 2729 diem
1908 2714 1933 2739 ,

527 2754 536 2759 ’
563 2742 988 2809 vociferabatur
1019 2748 1333 2837 cruendam
1360 2748 1788 2832 delendamque
1812 2748 1934 2813 Ur.-
