2067 3667
400 274 430 293 ⁴
518 266 621 363 ’32‘
772 258 849 333 L.
902 261 1264 332 ANNAEJ
1309 262 1608 331 From

518 386 665 443 dere
710 381 1009 464 dignantes
1037 426 1058 452 ,
1102 382 1224 463 pari
1269 379 1546 443 vecordi&
1589 378 1887 456 maehum

521 461 791 545 facesque
820 460 985 523 teffis
1010 460 1315 541 injiciunt3
1343 462 1407 523 &
1435 478 1620 523 totam
1647 463 1888 523 Urbem

518 544 657 626 igne
692 588 711 617 ‚
734 542 889 604 ferro
917 588 937 618 ‚
964 545 1229 603 manibus
1252 541 1376 603 solo
1415 547 1731 624 eiiaequant.
1761 542 1889 605 Sex

520 624 819 687 mensibus
854 622 1090 683 Barbari
1123 622 1152 705 (
1184 626 1308 704 quis
1340 624 1600 683 crederet
1629 625 1650 685 ?
1675 624 1888 705 )·circa·

518 721 785 766 montem
820 724 999 763 unum
1087 704 1446 784 ependerunt
1472 747 1492 776 ‚
1511 725 1638 778 ‘nec
1676 705 1886 765 diebus

520 784 709 845 modo
722 830 744 860 ‚
766 783 862 843 sed
882 784 1036 846 noffi
1079 805 1144 843 us
1163 805 1396 866 quoque
1417 787 1612 846 omnia
1630 787 1892 864 experti:

520 882 706 945 quum
740 864 973 925 tandem
1020 864 1272 925 Manlius
1314 864 1482 925 noete
1529 864 1836 926 subeuntes
1859 890 1887 939 ,¹

519 945 798 1027 clangore
833 943 1043 1005 anseris
1069 948 1342 1005 excitatus
1366 988 1385 1016 ‚
1415 967 1448 1004 a
1478 944 1695 1005 summa
1732 966 1886 1026 rupe³

522 1023 739 1106 dejecit
771 1048 789 1099 ;
842 1027 909 1087 &
953 1042 1015 1085 ut
1058 1025 1220 1105 spem
1270 1025 1524 1085 hostibus
1573 1027 1838 1087 demeret
1859 1053 1889 1098 ‚-

566 1126 873 1188 uamquam
929 1108 989 1164 in
1043 1106 1258 1165 summa
1315 1105 1466 1165 fame
1487 1149 1508 1177 ‚
1555 1122 1748 1165 tamen
1804 1106 1880 1167 ad
1965 1144 1972 1148 -

520 1125 776 1267 Ppeciem
812 1184 1038 1245 fiduciae
1060 1229 1080 1258 ‚
1115 1206 1292 1265 panes
1327 1190 1398 1246 ab
1433 1206 1564 1247 arce
1603 1184 1880 1265 jaculatus

525 1266 631 1328 est.
664 1266 738 1327 Et
772 1264 917 1326 stato
953 1268 1210 1348 quodam
1235 1266 1330 1325 die
1359 1287 1465 1348 per
1499 1266 1718 1327 medias
1744 1266 1882 1328 hos-

526 1350 675 1407 tium
708 1346 991 1407 custodias
1016 1346 1254 1407 Fabium
1287 1346 1626 1427 pontificem
1649 1349 1722 1407 ab
1751 1370 1882 1411 arce

522 1428 799 1501 demisit,
834 1430 933 1508 qui
970 1425 1205 1489 solenne
1241 1425 1458 1487 sacrum
1491 1431 1550 1487 in
1591 1426 1886 1507 Quirinali

522 1525 728 1569 monte
774 1506 1102 1567 conficeret.
1155 1508 1348 1588 Atque
1398 1508 1492 1567 ille
1541 1530 1645 1589 per
1692 1511 1888 1570 media·
2051 1508 2053 1559 ῑ

458 1612 464 1617 ·
522 1588 781 1650 hostium
820 1590 938 1649 tela
984 1589 1288 1649 incolumis
1331 1588 1618 1671 religionis
1667 1592 1883 1653 auxilio.
2051 1560 2053 1697 Ι

520 1670 699 1732 rediit
717 1714 735 1742 ,
763 1668 1155 1750 propitiosque
1181 1669 1327 1729 deos
1360 1672 1724 1732 renuntiavit.
1753 1670 1882 1731 No-
2051 1701 2053 1757 ἦ

521 1752 759 1811 νίεείιτιὲ
811 1770 984 1831 quum
1022 1752 1138 1828 jam
1177 1750 1406 1809 obsidio
1457 1749 1553 1810 sua
1597 1746 1881 1813 Barbaros
2052 1758 2053 1761 ’

521 1827 804 1911 fatigasset
825 1874 845 1903 ,
868 1830 1023 1889 mille
1046 1831 1248 1911 pondo
1273 1833 1394 1890 auri
1415 1829 1693 1891 recessum
1717 1831 1883 1893 suum

520 1910 889 1971 venditantes
912 1954 929 1981 ,
954 1910 1132 1991 idque
1155 1909 1336 1991 ipsum
1361 1933 1466 1993 per
1489 1910 1848 1974 insolentiam
1859 1936 1888 1988 ‚·

524 2012 707 2072 quum
756 1990 829 2050 ad
885 1992 963 2049 ini
1008 2012 1081 2050 ua
1136 1992 1392 2069 pondera
1440 1993 1638 2053 addito
1695 1994 1884 2055 adhuc

526 2072 720 2213 {ladio
758 2115 778 2143 ‚
825 2012 1063 2151 supeslffe
1120 2076 1212 2132 Vae
1256 2076 1416 2133 villis
1473 2075 1836 2155 increparent
1861 2120 1882 2148 ,

560 2152 719 2213 ubitb
768 2151 1052 2233 aggressus
1101 2175 1136 2211 a
1187 2168 1354 2235 tergo
1402 2149 1683 2214 Camillus
1733 2157 1884 2215 adeo

526 2233 738 2293 cecidit
770 2276 789 2305 ,
833 2250 897 2292 ut
952 2235 1148 2293 omnia
1199 2235 1592 2294 incendiorum
1643 2234 1884 2318 vestigia

528 2311 749 2383 Gallici„
823 2312 1104 2393 sanguinis
1185 2316 1558 2374 inundatione
1641 2315 1882 2377 deleret.

526 2393 725 2475 Agere
800 2396 963 2451 ratias
1000 2394 1110 2451 diis
1145 2394 1559 2453 immortalibus
1594 2392 1718 2474 ipso
1755 2412 1886 2456 tan-

526 2489 603 2533 tae
654 2412 829 2532 clacfis
868 2476 1104 2532 nomine
1168 2474 1323 2533 libet.
1377 2472 1672 2535 Pastorum
1729 2475 1885 2537 casas

528 2554 551 2612 i
594 2556 675 2611 nis
704 2550 799 2611 ille
820 2595 839 2624 ‚
874 2554 937 2614 &
962 2554 1192 2613 flamma
1222 2576 1336 2635 pau
1379 2572 1620 2615 ertatem
1644 2555 1884 2617 Romuli

606 2631 842 2693 scondit.
864 2632 1202 2695 Incendium
1224 2636 1326 2696 illu
1387 2637 1525 2717 quid
1551 2640 1666 2719 egit
1689 2636 1846 2697 alind
1858 2682 1886 2710 ,

529 2715 640 2775 nisi
672 2732 735 2776 ut
765 2712 1041 2779 destinata
1072 2716 1372 2781 hominum
1405 2738 1471 2779 ac
1496 2716 1746 2780 deorum
1777 2720 1887 2781 do-
