2067 3667
484 310 569 385 18
739 312 811 383 C.
868 311 1133 383 Vnt.
1186 308 1590 405 Ratae.

474 430 668 494 rintho
694 474 716 505 ,
754 448 932 514 quum
962 430 1348 491 maximorum
1379 427 1665 489 artificum
1695 448 1838 512 per-

473 512 649 575 feEias
682 512 943 574 manibus
980 510 1198 571 tabulas
1237 532 1303 571 ac
1336 508 1542 571 statuas
1565 554 1586 584 ‚
1627 512 1686 571 in
1719 510 1836 571 Ita-

476 594 615 655 liam
660 592 969 676 portandas
1021 593 1244 657 locaret
1273 638 1296 665 ,
1337 588 1560 671 juberet
1600 591 1838 673 praedici

475 672 935 736 conducentibus
958 716 978 745 ‚
1028 674 1077 732 si
1127 692 1224 732 eas
1267 669 1638 754 perdidissent
1660 715 1681 745 ,
1726 693 1840 733 no-

381 829 388 834 ·
477 774 583 815 vas
621 775 723 815 eos
759 753 1107 813 reddituros,
1139 752 1282 817 Non
1312 772 1508 815 tamen
1546 770 1692 833 puto
1729 753 1843 814 du-

476 834 629 895 bites
656 877 675 907 ,
717 834 951 907 Vinici,
992 835 1133 916 quin
1169 835 1351 916 magis
1389 854 1498 913 pro
1539 832 1838 915 republica

474 914 649 977 fuerit
673 959 699 986 ,
748 934 982 975 manere
1037 913 1222 977 adhuc
1258 914 1466 975 rudem
1502 912 1863 975 Corinthio--

476 1016 610 1057 rum
644 994 999 1063 intelleRum
1022 1037 1046 1068 ‚
1087 994 1259 1078 quim
1295 998 1354 1055 in
1387 1010 1610 1059 tantum
1643 1014 1714 1055 ea
1745 997 1868 1055 in·-

478 1078 665 1161 telligi
692 1099 713 1155 3
746 1078 814 1141 &
838 1079 974 1159 quin
1003 1076 1109 1139 hac
1145 1075 1451 1157 prudentia
1485 1076 1581 1139 ina
1617 1078 1840 1158 impr-ur

478 1158 677 1220 dentia
698 1158 899 1219 decori
923 1156 1158 1238 publico
1183 1154 1356 1220 fuerit
1374 1158 1836 1221 convenientior.

563 1238 771 1300 XIV.
815 1236 1021 1316 Quum
1064 1235 1283 1299 facilius
1329 1237 1497 1317 cujus
1565 1260 1599 1301 e
1650 1240 1731 1299 rei
1775 1240 1838 1299 in

479 1340 658 1379 unum
688 1317 975 1379 contrafiia
998 1316 1220 1398 species
1246 1362 1264 1391 ‚
1291 1318 1466 1401 quem
1531 1317 1670 1381 ivisa
1696 1337 1838 1380 tem-

480 1400 722 1482 poribus
742 1444 761 1469 ,
804 1399 988 1462 oculis
1026 1396 1340 1481 animisque
1371 1401 1643 1463 inhaereat
1665 1443 1686 1473 ‚
1723 1398 1839 1461 sta-

480 1482 563 1539 tui
616 1480 873 1563 priorem
923 1477 1091 1559 hujus
1138 1480 1453 1542 voluminis
1481 1526 1502 1555 ,
1555 1480 1838 1562 posterio-

480 1581 723 1643 remque
800 1576 981 1620 artem
1010 1606 1030 1635 ,
1075 1581 1196 1621 non
1233 1562 1418 1623 inutili
1450 1582 1646 1623 rerum
1682 1564 1842 1623 noti-

483 1641 565 1701 tia
597 1644 655 1702 in
688 1663 749 1701 ar
841 1661 901 1700 m
932 1640 1220 1703 contrabi&
1245 1640 1633 1725 distinguere,
1664 1660 1840 1725 atque

480 1722 616 1783 huic
643 1722 777 1783 loco
802 1720 1051 1783 inserere
1070 1768 1092 1793 ,
1118 1744 1246 1803 quae
1271 1744 1506 1805 quoque
1531 1740 1792 1804 tempore
1813 1769 1838 1798 ,

481 1803 613 1884 post
662 1802 911 1862 Romam
964 1825 996 1861 a
1039 1802 1226 1863 Gallis
1277 1821 1542 1884 captam,
1599 1804 1844 1865 deducia

485 1886 573 1942 sit·
598 1883 829 1942 colonia
864 1879 1007 1961 juffu
1043 1881 1263 1943 senatus
1291 1906 1306 1943 ε
1336 1905 1470 1945 nam
1510 1884 1842 1947 militarium

485 1964 553 2024 &
598 1960 773 2023 causae
820 1964 885 2023 δι.
923 1961 1182 2023 αυξὶοτεε
1217 1965 1284 2025 δι.
1321 1964 1566 2045 ipsarum
1606 1964 1843 2047 praeful-

484 2062 622 2126 gent
658 2044 891 2103 nomina
926 2062 941 2102 ε
974 2043 1106 2103 huic
1148 2044 1233 2105 rei
1269 2066 1376 2126 per
1412 2046 1576 2107 idem
1608 2064 1844 2127 tempus

483 2126 748 2185 civitates
791 2142 1132 2206 propagatas
1156 2168 1174 2193 ,
1231 2125 1574 2209 auciumque
1616 2127 1843 2187 Roma-

484 2226 628 2266 num
663 2225 879 2265 nomen
918 2206 1330 2267 communione
1358 2204 1498 2287 juris
1520 2253 1544 2280 ,
1569 2207 1719 2267 haud
1754 2209 1844 2267 in·-

485 2286 834 2369 tempestive
870 2285 1182 2347 subtexturi
1219 2288 1506 2349 videmur.
1545 2286 1677 2349 Post
1709 2286 1844 2369 sep·

486 2384 608 2427 tem
636 2388 817 2429 annos
836 2410 857 2438 ‚
897 2366 1070 2448 quem
1099 2366 1256 2429 Galli
1285 2368 1491 2429 urbem
1519 2386 1796 2451 ceperunt
1813 2413 1841 2441 ,

485 2450 727 2507 Sutrium
763 2446 1005 2507 deduEia
1038 2448 1266 2507 colonia
1303 2446 1385 2507 est
1407 2493 1428 2520 ‚
1465 2450 1530 2509 &
1569 2448 1700 2530 post
1735 2470 1844 2510 an-

486 2548 627 2588 num
669 2530 858 2589 Setina
888 2572 908 2601 ,
954 2548 1288 2610 novemque
1327 2527 1634 2609 interjeffls
1677 2532 1844 2589 annis

485 2610 643 2687 Nepe
661 2631 687 2681 ,·
729 2609 941 2668 deinde
959 2653 978 2683 ‚
1014 2610 1364 2691 interpositis
1396 2610 1624 2671 duobus
1655 2613 1719 2673 &
1750 2612 1845 2671 tri-

487 2691 639 2829 ἔξειπε
666 2732 684 2761 ,
726 2691 945 2751 Aricini
986 2690 1048 2749 in
1091 2691 1384 2751 civitatem
1419 2694 1660 2774 recepti.
1707 2690 1842 2752 Ab·

534 2770 619 2831 'nc
653 2790 833 2833 annos
860 2785 1052 2833 autem
1080 2786 1372 2834 trecentos
1401 2774 1840 2857 quinquaginta,
1918 2845 1932 2857 ³
