2067 3667
473 285 566 359 8³
733 278 804 357 C.
862 291 1118 356 VELL.
1172 286 1561 357 Pareae.

471 404 742 467 omnibus
776 405 1028 468 vistoriis
1070 405 1179 465 suis
1216 402 1317 467 uso
1345 452 1364 481 ,
1396 407 1527 487 plus
1568 407 1827 488 quinque

471 491 757 547 mensium
777 490 958 570 princi
1003 487 1101 547 alis
1122 490 1280 569 quies
1304 489 1579 569 contigit:
1606 490 1702 568 qui
1748 504 1826 567 pe

515 588 650 627 uum
674 566 869 629 mense
889 568 951 628 O
1005 568 1135 628 obri
1156 570 1215 627 in
1238 568 1442 627 urbem
1466 510 1785 628 revertifffet

506 647 668 708 dibus
715 648 943 709 Martiis
973 666 1014 721 ,’
1042 647 1453 727 conjurationis
1498 648 1827 725 aussforibus

472 727 654 789 Bruto
695 730 762 790 δε
799 728 1008 791 Cassio
1034 774 1055 801 ‚
1094 750 1347 811 quorum
1396 730 1639 789 alterurn
1682 750 1829 811 pro·

471 810 756 873 mittendo
822 809 1199 870 consulatum·
1232 830 1352 869 non
1405 809 1760 892 obligaverat
1803 854 1824 883 ,

470 890 672 951 contr&
695 888 1018 951 differendo
1052 888 1317 951 Cassium
1341 888 1693 963 offenderat,
1724 892 1826 950 acl-⁶

471 966 632 1051 iestis
666 972 840 1031 etiam
879 972 1215 1032 consiliariis
1250 972 1423 1031 caedis
1458 969 1829 1032 familiarissi-⁶

473 1052 586 1111 mis
623 1054 885 1112 omnium
907 1096 926 1127 ‚
969 1054 1034 1113 &
1066 1051 1295 1115 fortuna
1326 1054 1575 1134 partium
1610 1050 1731 1130 ejus
1764 1054 1827 1111 in

473 1130 761 1193 summum
793 1132 1008 1193 eveffis
1039 1132 1323 1215 fastigium
1344 1131 1473 1207 ,·D.
1505 1132 1682 1193 Bruto
1706 1176 1726 1205 ,
1759 1134 1829 1194 ὅτ’.

473 1208 550 1272 C.
575 1211 920 1286 Trebonio,
949 1212 1075 1273 aliis
1108 1234 1178 1273 ue
1213 1212 1350 1273 clari
1372 1215 1620 1273 nominis
1646 1215 1787 1272 viris
1808 1256 1829 1285 ‚

471 1293 852 1373 interemptus
913 1292 1011 1353 est.
1066 1236 1185 1355 Qui
1234 1314 1499 1375 magnam
1552 1294 1830 1353 invidiam

474 1373 808 1433 conciliarat
827 1372 914 1433 M.
939 1373 1229 1435 Antonius
1249 1419 1270 1447 ‚
1306 1375 1573 1435 omnibus
1610 1374 1831 1435 auden-⁶

473 1453 564 1512 dis
605 1456 988 1533 paratissimus
1011 1502 1030 1529 ,
1060 1453 1377 1514 consulatfis
1418 1455 1639 1536 collega
1663 1498 1681 1527 ‚
1716 1458 1831 1513 ima

473 1534 754 1615 ponendo
799 1557 862 1595 ca
907 1536 970 1595 iti
1015 1534 1145 1614 ejus
1180 1535 1589 1617 Lupercalibus
1625 1534 1831 1595 sedena

473 1617 550 1676 tis
589 1638 697 1698 pro
737 1615 833 1677 Ro
885 1618 960 1677 ris
994 1618 1215 1697 insigne
1257 1618 1477 1697 regium
1505 1658 1523 1687 ‚
1560 1616 1717 1697 quod
1756 1617 1829 1676 ab

477 1716 552 1760 eo
585 1700 662 1757 ita
697 1696 984 1779 repulsum
1017 1712 1177 1769 erat,
1214 1712 1277 1757 ut
1305 1718 1425 1757 non
1452 1694 1699 1756 offensus
1736 1700 1831 1759 vi-

473 1778 724 1839 deretur.
1606 1804 1615 1811 ·

554 1857 774 1918 LVII.
816 1858 1191 1919 Laudandum
1236 1858 1592 1940 experientia
1642 1861 1830 1920 consi:

473 1934 616 1997 lium
658 1938 738 1998 est
775 1938 964 1999 Pansae
1003 1959 1173 2020 atque
1211 1938 1425 2013 Hirtii,
1464 1942 1563 2020 qui
1602 1938 1831 2019 semper

472 2018 856 2099 praedixerant
875 2017 1083 2080 Caesari
1107 2066 1127 2095 ,
1162 2039 1225 2081 ut
1250 2022 1629 2101 principatum
1644 2025 1829 2081 *armis

515 2101 774 2159 uaesitum
803 2103 970 2160 armis
993 2118 1247 2162 teneret:
1270 2100 1367 2160 ine
1394 2098 1653 2159 diffitans
1676 2104 1827 2161 mori

499 2199 530 2239 e
551 2224 568 2253 ,
607 2182 778 2262 quium
799 2184 987 2241 timeri
1008 2182 1179 2243 malle
1201 2229 1217 2251 ‚
1258 2181 1397 2240 dum
1422 2182 1827 2255 clementiam3

475 2282 647 2341 quam
687 2261 1018 2344 praestiterat
1043 2306 1062 2336 ‚
1099 2262 1426 2343 exfpeRat·‚
1459 2264 1713 2321 incautus
1752 2263 1825 2321 ab

470 2342 702 2423 ingratis
737 2360 1048 2424 occupatus
1076 2342 1158 2403 est
1178 2386 1195 2413 ‚
1264 2364 1399 2404 uum
1430 2343 1664 2421 quidem
1695 2342 1821 2424 plu·-

471 2424 614 2480 rima
655 2423 924 2505 praesagia
955 2442 1127 2503 atque
1159 2425 1221 2481 i'n
1260 2426 1364 2482 icia
1396 2421 1500 2481 Dii
1528 2426 1829 2483 immorta-

471 2500 559 2560 les
609 2501 786 2562 futuri
843 2502 1173 2564 obtulissent
1226 2504 1464 2585 periculi
1510 2525 1525 2563 τ
1578 2524 1711 2563 nam
1760 2506 1826 2565 &

469 2580 606 2640 arus
635 2584 752 2642 ices
803 2603 1265 2663 praemenuerant
1290 2628 1309 2656 ,
1348 2602 1411 2645 ut
1464 2582 1825 2665 diligentissi-

471 2661 568 2720 m&
637 2662 812 2723 duum
849 2664 1187 2724 Martiarum
1223 2680 1457 2725 caveret
1497 2663 1653 2725 diem
1694 2687 1715 2738 3
1757 2665 1823 2727 δί

471 2762 620 2805 uxor
641 2740 950 2829 Calpurnia
968 2748 1213 2822 stem-ita
1246 2744 1526 2809 120&an
1558 2742 1730 2821 visu„
1756 2762 1823 2807 ut
