2067 3667
498 252 773 355 Htsr.
824 258 1138 333 LIBER
1186 260 1247 329 Ι.
1449 278 1529 334 21

176 372 497 447 clarissima
546 376 790 457 publicae
844 376 1160 441 voluntatis
1209 394 1546 459 argumenta

178 460 629 519 numeraverim.
673 456 879 519 Cassio
931 476 1126 520 autem
1167 458 1433 540 Longino
1477 459 1544 521 &

182 538 389 599 Sextio
423 534 675 605 Calvino
700 583 719 612 ,
751 540 849 619 qui
876 536 1096 599 Sallues
1125 539 1278 619 apud
1308 540 1542 619 Aquas,

184 640 319 701 quae
363 620 434 678 ab
477 639 549 679 eo
588 616 793 679 Sextiae
833 618 1190 700 appellantur
1214 664 1235 694 ‚
1274 619 1488 681 devicit
1517 661 1541 693 ‚

184 698 519 761 consulibus
545 744 565 775 ‚
613 701 925 761 Fabrateria
972 700 1214 761 dedusta
1261 698 1344 761 est
1369 743 1389 772 ‚
1437 698 1545 760 ab·

186 782 323 841 hinc
372 802 552 841 annos
610 778 793 841 ferme
842 796 1078 841 centum
1174 782 1544 863 uinquaginta

186 861 413 941 septem
440 906 459 931 ‚
502 864 567 923 &
600 859 731 942 post
769 881 981 921 annum
1018 803 1336 940 Scyllacium
1359 906 1379 935 ,
1417 864 1544 921 Mi-

186 945 431 1003 nervium
452 986 474 1014 ,
519 946 803 1005 Tarentum
825 988 841 1013 ,
884 945 1172 1023 Neptunia
1195 988 1215 1015 ‚
1259 944 1546 1025 Carthago-

194 1044 311 1105 que
352 1026 414 1083 in
452 1020 654 1083 Africa
681 1068 702 1094 ,
753 1026 933 1103 prima
958 1068 979 1095 ‚
1003 1040 1090 1083 ⁴ut
1127 1024 1490 1104 praediximus
1523 1063 1547 1097 ,

196 1121 357 1165 extra
406 1102 628 1165 Italiam
657 1148 677 1175 ,
726 1102 956 1165 colonia
1006 1104 1242 1167 condita
1287 1101 1386 1163 est.
1444 1101 1544 1163 De

201 1188 450 1247 Dertona
488 1184 819 1265 ambigitun
848 1186 1044 1245 Narbo
1073 1202 1266 1245 autem
1301 1186 1546 1245 Manius

197 1268 259 1326 in
292 1266 518 1337 Gallia,
556 1264 763 1325 Porcio
796 1264 1141 1347 Marcioque
1177 1262 1310 1327 coss.
1342 1264 1545 1327 abhinc

194 1349 427 1407 circiter
458 1367 639 1405 annos
672 1362 903 1407 centum
936 1348 1338 1430 quinquaginta
1369 1364 1482 1407 tres
1519 1391 1544 1418 ,

198 1426 448 1488 deduaa
480 1428 713 1489 colonia
750 1426 851 1487 est.
901 1425 1033 1488 Post
1067 1445 1186 1488 tres
1239 1428 1306 1489 &
1341 1429 1548 1510 viginti

198 1530 383 1588 annos
417 1510 481 1566 in
501 1507 815 1590 Vagiennis
848 1510 1139 1589 Eporaedia
1165 1554 1184 1584 ,
1235 1507 1432 1569 Mario
1467 1506 1550 1567 se·-

198 1592 329 1649 xies
364 1586 713 1671 Valerioque
759 1588 966 1650 Flacco
1020 1586 1156 1649 coff.
1194 1588 1404 1670 Neque
1467 1588 1555 1647 fa-

204 1669 323 1729 cile
363 1671 651 1742 memoriae
700 1669 1098 1731 mandaverim
1134 1712 1157 1741 ‚
1209 1689 1338 1749 quae
1371 1714 1390 1740 ,
1446 1670 1556 1729 nisi

202 1749 506 1822 militaris,
580 1749 665 1810 ost
698 1751 811 1811 hoc
847 1767 1072 1832 tempus
1107 1748 1350 1811 deduRa
1385 1751 1477 1811 sit·-

291 1828 475 1891 XVI.
588 1852 724 1891 uum
764 1832 885 1891 haec
922 1831 1194 1913 particula
1227 1834 1420 1912 operis
1448 1850 1558 1893 ve-

204 1910 293 1971 lut
341 1909 587 1971 formam
632 1913 917 1993 propositi
966 1909 1259 1972 excess'erit
1284 1957 1304 1985 ,
1354 1932 1559 1995 quam-

206 2012 384 2073 quam
418 1991 678 2073 intelligo
700 2038 718 2063 ,
762 1992 904 2051 mihi
945 1994 1005 2051 in
1051 1993 1156 2053 hac
1197 2008 1315 2053 tam
1355 1994 1558 2075 praeci-

206 2074 317 2154 piti
357 2070 715 2133 festinatione
744 2117 765 2145 ‚
810 2094 939 2154 quae
981 2094 1078 2133 me
1117 2090 1260 2133 rotae
1309 2075 1556 2153 pronive

208 2154 448 2235 gurgitis
474 2174 539 2213 ac
566 2155 805 2213 vorticis
838 2152 1023 2213 modo
1050 2153 1162 2213 nus
1191 2176 1324 2213 uam
1351 2156 1559 2233 patitur

210 2232 524 2295 consistere
549 2278 568 2307 ,
610 2254 761 2314 pene
790 2236 970 2315 magis
1002 2251 1145 2293 nece
1189 2236 1304 2293 aria
1369 2250 1560 2293 raeter·

212 2313 401 2375 cunda
425 2358 451 2385 ,
496 2314 669 2395 quam
722 2312 1072 2395 supervacua
1115 2313 1302 2395 ample
1359 2314 1506 2375 enda
1537 2334 1558 2386 3

212 2414 447 2475 nequeo
476 2411 671 2455 tamen
706 2412 1027 2476 temperare
1053 2394 1190 2457 1ιῶιί
1209 2435 1228 2467 ,
1269 2398 1403 2477 quin
1433 2414 1560 2456 rem

214 2474 363 2555 saepe
399 2478 661 2557 agitatam
694 2477 891 2536 animo
922 2496 1060 2536 meo
1088 2517 1108 2548 ‚
1152 2494 1341 2557 neque
1379 2475 1450 2536 ad
1491 2476 1573 2535 li-r-

260 2555 457 2616 uidum
488 2558 708 2617 ratione
737 2554 1072 2638 perdufiiam
1089 2602 1108 2627 ‚
1135 2559 1356 2637 signem
1382 2555 1557 2637 stylo.

212 2580 375 2717 buis
410 2640 565 2697 enim
604 2635 831 2697 abunde
880 2638 1071 2697 mirari
1103 2635 1291 2717 potest
1323 2682 1347 2709 ,
1402 2632 1564 2718 quod

214 2719 667 2781 eminentissima
702 2716 971 2799 cujusque
1004 2716 1376 2799 professionis
1413 2720 1568 2797 inge-

212 2801 317 2863 nia
344 2842 367 2875 ,
414 2802 479 2877 in
534 2799 799 2875 eamdem
842 2797 1098 2867 formam
1119 2841 1142 2873 2
1167 2800 1256 2870 ,ὀί
1299 2801 1362 2861 in
1405 2796 1564 2861 idern
