<?xml version="1.0" encoding="UTF-8"?>
<!DOCTYPE html PUBLIC "-//W3C//DTD XHTML 1.0 Transitional//EN"
    "http://www.w3.org/TR/xhtml1/DTD/xhtml1-transitional.dtd">
<html xmlns="http://www.w3.org/1999/xhtml" xml:lang="en" lang="en">
 <head>
  <title>
</title>
<meta http-equiv="Content-Type" content="text/html;charset=utf-8" />
  <meta name='ocr-system' content='tesseract 3.04.00' />
  <meta name='ocr-capabilities' content='ocr_page ocr_carea ocr_par ocr_line ocrx_word'/>
</head>
<body>
  <div class='ocr_page' id='page_1' title='image "./caiivelleiipate00lallgoog_0162.png"; bbox 0 0 2067 3667; ppageno 0'>
   <div class='ocr_carea' id='block_1_1' title="bbox 447 291 1533 384">
    <p class='ocr_par' dir='ltr' id='par_1_1' title="bbox 447 291 1533 384">
     <span class='ocr_line' id='line_1_1' title="bbox 447 291 1533 384; baseline -0.002 -18"><span class='ocrx_word' id='word_1_1' title='bbox 447 315 584 384; x_wconf 82' lang='lat'>140</span> <span class='ocrx_word' id='word_1_2' title='bbox 686 295 756 364; x_wconf 89' lang='lat' dir='ltr'>C.</span> <span class='ocrx_word' id='word_1_3' title='bbox 819 297 1077 364; x_wconf 63' lang='lat' dir='ltr'><strong><em>Vszz.</em></strong></span> <span class='ocrx_word' id='word_1_4' title='bbox 1129 291 1533 365; x_wconf 68' lang='lat' dir='ltr'>PATEne.</span> 
     </span>
    </p>
   </div>
   <div class='ocr_carea' id='block_1_2' title="bbox 441 409 1813 736">
    <p class='ocr_par' dir='ltr' id='par_1_2' title="bbox 441 409 1813 736">
     <span class='ocr_line' id='line_1_2' title="bbox 441 409 1792 495; baseline -0.003 -20"><span class='ocrx_word' id='word_1_5' title='bbox 441 411 872 475; x_wconf 84' lang='lat' dir='ltr'>desciscentibus</span> <span class='ocrx_word' id='word_1_6' title='bbox 905 428 1028 473; x_wconf 88' lang='lat' dir='ltr'>erat</span> <span class='ocrx_word' id='word_1_7' title='bbox 1058 413 1214 494; x_wconf 89' lang='lat' dir='ltr'>apud</span> <span class='ocrx_word' id='word_1_8' title='bbox 1250 432 1385 472; x_wconf 84' lang='lat' dir='ltr'>eum</span> <span class='ocrx_word' id='word_1_9' title='bbox 1420 409 1746 495; x_wconf 80' lang='lat' dir='ltr'>perfugium</span> <span class='ocrx_word' id='word_1_10' title='bbox 1770 431 1792 471; x_wconf 74' lang='lat' dir='ltr'><strong><em>z</em></strong></span> 
     </span>
     <span class='ocr_line' id='line_1_3' title="bbox 442 492 1795 576; baseline 0 -22"><span class='ocrx_word' id='word_1_11' title='bbox 442 492 709 575; x_wconf 87' lang='lat' dir='ltr'>totusque</span> <span class='ocrx_word' id='word_1_12' title='bbox 741 515 814 553; x_wconf 83' lang='lat' dir='ltr'>ex</span> <span class='ocrx_word' id='word_1_13' title='bbox 840 494 990 554; x_wconf 66' lang='lat' dir='ltr'>male</span> <span class='ocrx_word' id='word_1_14' title='bbox 1015 493 1367 554; x_wconf 84' lang='lat' dir='ltr'>dissimulato</span> <span class='ocrx_word' id='word_1_15' title='bbox 1392 494 1596 576; x_wconf 87' lang='lat' dir='ltr'>agebat</span> <span class='ocrx_word' id='word_1_16' title='bbox 1620 513 1795 554; x_wconf 85' lang='lat' dir='ltr'>aemu·</span> 
     </span>
     <span class='ocr_line' id='line_1_4' title="bbox 445 573 1813 656; baseline -0.001 -22"><span class='ocrx_word' id='word_1_17' title='bbox 445 575 565 634; x_wconf 86' lang='lat' dir='ltr'>lum</span> <span class='ocrx_word' id='word_1_18' title='bbox 587 597 605 649; x_wconf 92' lang='lat'>;</span> <span class='ocrx_word' id='word_1_19' title='bbox 627 577 1057 655; x_wconf 85' lang='lat' dir='ltr'>exercitumque</span> <span class='ocrx_word' id='word_1_20' title='bbox 1079 595 1255 655; x_wconf 88' lang='lat' dir='ltr'>quern</span> <span class='ocrx_word' id='word_1_21' title='bbox 1281 573 1630 656; x_wconf 80' lang='lat' dir='ltr'>septuaginta</span> <span class='ocrx_word' id='word_1_22' title='bbox 1662 573 1813 633; x_wconf 86' lang='lat' dir='ltr'>mil--</span> 
     </span>
     <span class='ocr_line' id='line_1_5' title="bbox 446 653 1794 736; baseline -0.001 -22"><span class='ocrx_word' id='word_1_23' title='bbox 446 655 586 714; x_wconf 88' lang='lat' dir='ltr'>lium</span> <span class='ocrx_word' id='word_1_24' title='bbox 624 655 1211 736; x_wconf 75' lang='lat' dir='ltr'>peditnm‚&#39;quatuor</span> <span class='ocrx_word' id='word_1_25' title='bbox 1247 657 1501 735; x_wconf 85' lang='lat' dir='ltr'>equitum</span> <span class='ocrx_word' id='word_1_26' title='bbox 1538 653 1794 728; x_wconf 82' lang='lat' dir='ltr'>fecerat,</span> 
     </span>
    </p>
   </div>
   <div class='ocr_carea' id='block_1_3' title="bbox 352 732 1795 802">
    <p class='ocr_par' dir='ltr' id='par_1_3' title="bbox 352 732 1795 802">
     <span class='ocr_line' id='line_1_6' title="bbox 352 732 1795 802; baseline 0 -8"><span class='ocrx_word' id='word_1_27' title='bbox 352 740 356 744; x_wconf 87' lang='lat'>&#39;</span> <span class='ocrx_word' id='word_1_28' title='bbox 433 735 684 796; x_wconf 82' lang='lat' dir='ltr'>assiduis</span> <span class='ocrx_word' id='word_1_29' title='bbox 715 734 992 795; x_wconf 73' lang='lat' dir='ltr'>adversus</span> <span class='ocrx_word' id='word_1_30' title='bbox 1013 732 1291 796; x_wconf 86' lang='lat' dir='ltr'>finitimos</span> <span class='ocrx_word' id='word_1_31' title='bbox 1326 735 1493 802; x_wconf 86' lang='lat' dir='ltr'>bellis</span> <span class='ocrx_word' id='word_1_32' title='bbox 1521 754 1795 795; x_wconf 81' lang='lat' dir='ltr'>exercen-</span> 
     </span>
    </p>
   </div>
   <div class='ocr_carea' id='block_1_4' title="bbox 424 812 1871 2752">
    <p class='ocr_par' dir='ltr' id='par_1_4' title="bbox 446 812 1799 977">
     <span class='ocr_line' id='line_1_7' title="bbox 447 812 1799 897; baseline -0.001 -23"><span class='ocrx_word' id='word_1_33' title='bbox 447 814 527 874; x_wconf 90' lang='lat' dir='ltr'>do</span> <span class='ocrx_word' id='word_1_34' title='bbox 548 860 566 888; x_wconf 92' lang='lat'><strong>,</strong></span> <span class='ocrx_word' id='word_1_35' title='bbox 603 812 808 894; x_wconf 81' lang='lat' dir='ltr'>majori</span> <span class='ocrx_word' id='word_1_36' title='bbox 837 858 857 886; x_wconf 93' lang='lat'>,</span> <span class='ocrx_word' id='word_1_37' title='bbox 893 815 1067 896; x_wconf 72' lang='lat' dir='ltr'>quam</span> <span class='ocrx_word' id='word_1_38' title='bbox 1104 815 1265 896; x_wconf 89' lang='lat' dir='ltr'>quod</span> <span class='ocrx_word' id='word_1_39' title='bbox 1306 813 1552 875; x_wconf 87' lang='lat' dir='ltr'>habebat</span> <span class='ocrx_word' id='word_1_40' title='bbox 1572 858 1593 888; x_wconf 92' lang='lat'>‚</span> <span class='ocrx_word' id='word_1_41' title='bbox 1629 836 1668 874; x_wconf 92' lang='lat' dir='ltr'>o</span> <span class='ocrx_word' id='word_1_42' title='bbox 1706 815 1799 897; x_wconf 73' lang='lat' dir='ltr'>eri</span> 
     </span>
     <span class='ocr_line' id='line_1_8' title="bbox 446 895 1790 977; baseline 0 -23"><span class='ocrx_word' id='word_1_43' title='bbox 446 897 815 977; x_wconf 86' lang='lat' dir='ltr'>praeparabat.</span> <span class='ocrx_word' id='word_1_44' title='bbox 854 895 1101 977; x_wconf 86' lang='lat' dir='ltr'>Eratque</span> <span class='ocrx_word' id='word_1_45' title='bbox 1140 897 1311 956; x_wconf 81' lang='lat' dir='ltr'>etiam</span> <span class='ocrx_word' id='word_1_46' title='bbox 1348 896 1423 955; x_wconf 74' lang='lat' dir='ltr'>eb</span> <span class='ocrx_word' id='word_1_47' title='bbox 1464 898 1642 956; x_wconf 88' lang='lat' dir='ltr'>timen</span> <span class='ocrx_word' id='word_1_48' title='bbox 1686 916 1751 954; x_wconf 79' lang='lat' dir='ltr'>us</span> <span class='ocrx_word' id='word_1_49' title='bbox 1770 938 1790 964; x_wconf 92' lang='lat'><strong><em>,</em></strong></span> 
     </span>
    </p>

    <p class='ocr_par' dir='ltr' id='par_1_5' title="bbox 424 975 1871 2752">
     <span class='ocr_line' id='line_1_9' title="bbox 491 975 1797 1057; baseline -0.001 -22"><span class='ocrx_word' id='word_1_50' title='bbox 491 976 610 1036; x_wconf 72' lang='lat' dir='ltr'>uod</span> <span class='ocrx_word' id='word_1_51' title='bbox 650 996 828 1057; x_wconf 89' lang='lat' dir='ltr'>quum</span> <span class='ocrx_word' id='word_1_52' title='bbox 865 975 1239 1037; x_wconf 81' lang='lat' dir='ltr'>Germaniam</span> <span class='ocrx_word' id='word_1_53' title='bbox 1276 975 1350 1035; x_wconf 91' lang='lat' dir='ltr'>ad</span> <span class='ocrx_word' id='word_1_54' title='bbox 1388 975 1593 1036; x_wconf 81' lang='lat' dir='ltr'>laevam</span> <span class='ocrx_word' id='word_1_55' title='bbox 1632 975 1699 1036; x_wconf 86' lang='lat'>&amp;</span> <span class='ocrx_word' id='word_1_56' title='bbox 1738 977 1797 1034; x_wconf 85' lang='lat' dir='ltr'>in</span> 
     </span>
     <span class='ocr_line' id='line_1_10' title="bbox 446 997 1797 1138; baseline -0.001 -22"><span class='ocrx_word' id='word_1_57' title='bbox 446 997 638 1116; x_wconf 56' lang='lat' dir='ltr'>gente</span> <span class='ocrx_word' id='word_1_58' title='bbox 657 1099 676 1129; x_wconf 89' lang='lat'><strong>,</strong></span> <span class='ocrx_word' id='word_1_59' title='bbox 706 1057 1059 1116; x_wconf 78' lang='lat' dir='ltr'>Pannoniam</span> <span class='ocrx_word' id='word_1_60' title='bbox 1096 1057 1171 1116; x_wconf 89' lang='lat' dir='ltr'>ad</span> <span class='ocrx_word' id='word_1_61' title='bbox 1206 1057 1537 1129; x_wconf 82' lang='lat' dir='ltr'>dexteram,</span> <span class='ocrx_word' id='word_1_62' title='bbox 1568 1077 1602 1115; x_wconf 88' lang='lat' dir='ltr'>a</span> <span class='ocrx_word' id='word_1_63' title='bbox 1630 1071 1797 1138; x_wconf 83' lang='lat' dir='ltr'>tergo</span> 
     </span>
     <span class='ocr_line' id='line_1_11' title="bbox 445 1135 1807 1218; baseline 0 -22"><span class='ocrx_word' id='word_1_64' title='bbox 445 1135 665 1196; x_wconf 88' lang='lat' dir='ltr'>sedium</span> <span class='ocrx_word' id='word_1_65' title='bbox 688 1135 910 1198; x_wconf 84' lang='lat' dir='ltr'>suarum</span> <span class='ocrx_word' id='word_1_66' title='bbox 931 1137 1171 1198; x_wconf 87' lang='lat' dir='ltr'>haberet</span> <span class='ocrx_word' id='word_1_67' title='bbox 1188 1137 1439 1198; x_wconf 83' lang='lat' dir='ltr'>Noricos</span> <span class='ocrx_word' id='word_1_68' title='bbox 1456 1182 1478 1208; x_wconf 91' lang='lat'>‚</span> <span class='ocrx_word' id='word_1_69' title='bbox 1502 1153 1807 1218; x_wconf 84' lang='lat' dir='ltr'>tamquam·</span> 
     </span>
     <span class='ocr_line' id='line_1_12' title="bbox 449 1216 1799 1297; baseline -0.001 -21"><span class='ocrx_word' id='word_1_70' title='bbox 449 1218 510 1276; x_wconf 90' lang='lat' dir='ltr'>in</span> <span class='ocrx_word' id='word_1_71' title='bbox 547 1237 752 1276; x_wconf 86' lang='lat' dir='ltr'>omnes</span> <span class='ocrx_word' id='word_1_72' title='bbox 792 1216 1015 1297; x_wconf 81' lang='lat' dir='ltr'>semper</span> <span class='ocrx_word' id='word_1_73' title='bbox 1056 1235 1331 1278; x_wconf 83' lang='lat' dir='ltr'>venturus</span> <span class='ocrx_word' id='word_1_74' title='bbox 1364 1260 1383 1289; x_wconf 92' lang='lat'><strong>,</strong></span> <span class='ocrx_word' id='word_1_75' title='bbox 1419 1218 1490 1276; x_wconf 85' lang='lat' dir='ltr'>ab</span> <span class='ocrx_word' id='word_1_76' title='bbox 1530 1216 1799 1277; x_wconf 82' lang='lat' dir='ltr'>omnibus</span> 
     </span>
     <span class='ocr_line' id='line_1_13' title="bbox 447 1295 1801 1358; baseline 0 -2"><span class='ocrx_word' id='word_1_77' title='bbox 447 1297 772 1357; x_wconf 82' lang='lat' dir='ltr'>timebatur.</span> <span class='ocrx_word' id='word_1_78' title='bbox 825 1296 884 1357; x_wconf 94' lang='lat' dir='ltr'>N</span> <span class='ocrx_word' id='word_1_79' title='bbox 889 1319 955 1356; x_wconf 90' lang='lat' dir='ltr'>ec</span> <span class='ocrx_word' id='word_1_80' title='bbox 1013 1295 1268 1356; x_wconf 88' lang='lat' dir='ltr'>securam</span> <span class='ocrx_word' id='word_1_81' title='bbox 1324 1299 1661 1358; x_wconf 83' lang='lat' dir='ltr'>incrementi</span> <span class='ocrx_word' id='word_1_82' title='bbox 1718 1295 1801 1356; x_wconf 86' lang='lat' dir='ltr'>sui</span> 
     </span>
     <span class='ocr_line' id='line_1_14' title="bbox 449 1375 1801 1460; baseline 0.001 -24"><span class='ocrx_word' id='word_1_83' title='bbox 449 1377 775 1458; x_wconf 86' lang='lat' dir='ltr'>patiebatur</span> <span class='ocrx_word' id='word_1_84' title='bbox 817 1375 927 1436; x_wconf 83' lang='lat' dir='ltr'>esse</span> <span class='ocrx_word' id='word_1_85' title='bbox 967 1377 1194 1437; x_wconf 86' lang='lat' dir='ltr'>Italiam</span> <span class='ocrx_word' id='word_1_86' title='bbox 1233 1400 1253 1453; x_wconf 91' lang='lat'>;</span> <span class='ocrx_word' id='word_1_87' title='bbox 1288 1380 1427 1459; x_wconf 89' lang='lat' dir='ltr'>quip</span> <span class='ocrx_word' id='word_1_88' title='bbox 1470 1398 1505 1439; x_wconf 90' lang='lat' dir='ltr'>e</span> <span class='ocrx_word' id='word_1_89' title='bbox 1551 1397 1731 1460; x_wconf 87' lang='lat' dir='ltr'>quum</span> <span class='ocrx_word' id='word_1_90' title='bbox 1766 1397 1801 1437; x_wconf 91' lang='lat' dir='ltr'>a</span> 
     </span>
     <span class='ocr_line' id='line_1_15' title="bbox 449 1455 1799 1540; baseline 0 -24"><span class='ocrx_word' id='word_1_91' title='bbox 449 1456 680 1517; x_wconf 82' lang='lat' dir='ltr'>summis</span> <span class='ocrx_word' id='word_1_92' title='bbox 716 1456 959 1536; x_wconf 83' lang='lat' dir='ltr'>Alpium</span> <span class='ocrx_word' id='word_1_93' title='bbox 1001 1455 1152 1540; x_wconf 83' lang='lat' dir='ltr'>jugis</span> <span class='ocrx_word' id='word_1_94' title='bbox 1176 1501 1197 1531; x_wconf 93' lang='lat'>‚</span> <span class='ocrx_word' id='word_1_95' title='bbox 1234 1479 1362 1540; x_wconf 82' lang='lat' dir='ltr'>quae</span> <span class='ocrx_word' id='word_1_96' title='bbox 1450 1479 1587 1519; x_wconf 84' lang='lat' dir='ltr'>nem</span> <span class='ocrx_word' id='word_1_97' title='bbox 1621 1456 1799 1519; x_wconf 81' lang='lat' dir='ltr'>Italiae</span> 
     </span>
     <span class='ocr_line' id='line_1_16' title="bbox 448 1535 1801 1616; baseline 0.001 -20"><span class='ocrx_word' id='word_1_98' title='bbox 448 1539 754 1597; x_wconf 85' lang='lat' dir='ltr'>terminant</span> <span class='ocrx_word' id='word_1_99' title='bbox 772 1582 792 1612; x_wconf 92' lang='lat'>‚</span> <span class='ocrx_word' id='word_1_100' title='bbox 811 1540 1032 1598; x_wconf 87' lang='lat' dir='ltr'>initium</span> <span class='ocrx_word' id='word_1_101' title='bbox 1060 1535 1188 1616; x_wconf 82' lang='lat' dir='ltr'>ejus</span> <span class='ocrx_word' id='word_1_102' title='bbox 1215 1537 1419 1599; x_wconf 85' lang='lat' dir='ltr'>finium</span> <span class='ocrx_word' id='word_1_103' title='bbox 1442 1538 1591 1600; x_wconf 83' lang='lat' dir='ltr'>haud</span> <span class='ocrx_word' id='word_1_104' title='bbox 1615 1537 1801 1599; x_wconf 73' lang='lat' dir='ltr'>multo</span> 
     </span>
     <span class='ocr_line' id='line_1_17' title="bbox 447 1617 1801 1702; baseline 0.002 -25"><span class='ocrx_word' id='word_1_105' title='bbox 447 1617 577 1696; x_wconf 83' lang='lat' dir='ltr'>plus</span> <span class='ocrx_word' id='word_1_106' title='bbox 635 1617 894 1679; x_wconf 85' lang='lat' dir='ltr'>ducentis</span> <span class='ocrx_word' id='word_1_107' title='bbox 947 1619 1203 1680; x_wconf 84' lang='lat' dir='ltr'>millibus</span> <span class='ocrx_word' id='word_1_108' title='bbox 1256 1619 1509 1702; x_wconf 75' lang='lat' dir='ltr'>passuum</span> <span class='ocrx_word' id='word_1_109' title='bbox 1570 1617 1801 1680; x_wconf 54' lang='lat' dir='ltr'>abeffete</span> 
     </span>
     <span class='ocr_line' id='line_1_18' title="bbox 451 1697 1803 1783; baseline 0.001 -25"><span class='ocrx_word' id='word_1_110' title='bbox 451 1697 624 1760; x_wconf 89' lang='lat' dir='ltr'>Hunc</span> <span class='ocrx_word' id='word_1_111' title='bbox 669 1701 858 1760; x_wconf 81' lang='lat' dir='ltr'>virum</span> <span class='ocrx_word' id='word_1_112' title='bbox 897 1700 963 1761; x_wconf 75' lang='grc' dir='ltr'>δι</span> <span class='ocrx_word' id='word_1_113' title='bbox 1003 1699 1149 1759; x_wconf 86' lang='lat' dir='ltr'>hanc</span> <span class='ocrx_word' id='word_1_114' title='bbox 1192 1703 1488 1783; x_wconf 85' lang='lat' dir='ltr'>regionem</span> <span class='ocrx_word' id='word_1_115' title='bbox 1532 1703 1803 1781; x_wconf 83' lang='lat' dir='ltr'>proximo</span> 
     </span>
     <span class='ocr_line' id='line_1_19' title="bbox 424 1779 1805 1862; baseline 0.001 -24"><span class='ocrx_word' id='word_1_116' title='bbox 424 1799 603 1840; x_wconf 84' lang='lat' dir='ltr'>-anno</span> <span class='ocrx_word' id='word_1_117' title='bbox 641 1779 884 1838; x_wconf 85' lang='lat' dir='ltr'>diversis</span> <span class='ocrx_word' id='word_1_118' title='bbox 929 1800 963 1838; x_wconf 86' lang='lat' dir='ltr'>e</span> <span class='ocrx_word' id='word_1_119' title='bbox 1005 1781 1261 1860; x_wconf 89' lang='lat' dir='ltr'>partibus</span> <span class='ocrx_word' id='word_1_120' title='bbox 1299 1781 1433 1842; x_wconf 87' lang='lat' dir='ltr'>Tib.</span> <span class='ocrx_word' id='word_1_121' title='bbox 1471 1779 1665 1840; x_wconf 78' lang='lat' dir='ltr'>Caesar</span> <span class='ocrx_word' id='word_1_122' title='bbox 1702 1801 1805 1862; x_wconf 84' lang='lat' dir='ltr'>ag·-</span> 
     </span>
     <span class='ocr_line' id='line_1_20' title="bbox 451 1857 1803 1940; baseline 0.002 -23"><span class='ocrx_word' id='word_1_123' title='bbox 451 1859 612 1940; x_wconf 88' lang='lat' dir='ltr'>gredi</span> <span class='ocrx_word' id='word_1_124' title='bbox 643 1857 851 1920; x_wconf 84' lang='lat' dir='ltr'>statuit.</span> <span class='ocrx_word' id='word_1_125' title='bbox 877 1858 1077 1920; x_wconf 86' lang='lat' dir='ltr'>Sentio</span> <span class='ocrx_word' id='word_1_126' title='bbox 1102 1859 1401 1922; x_wconf 85' lang='lat' dir='ltr'>Saturnino</span> <span class='ocrx_word' id='word_1_127' title='bbox 1430 1860 1757 1920; x_wconf 85' lang='lat' dir='ltr'>mandatum</span> <span class='ocrx_word' id='word_1_128' title='bbox 1780 1905 1803 1936; x_wconf 86' lang='lat'><strong><em>‚</em></strong></span> 
     </span>
     <span class='ocr_line' id='line_1_21' title="bbox 449 1937 1803 2020; baseline 0 -22"><span class='ocrx_word' id='word_1_129' title='bbox 449 1957 514 1998; x_wconf 90' lang='lat' dir='ltr'>ut</span> <span class='ocrx_word' id='word_1_130' title='bbox 543 1959 647 2020; x_wconf 86' lang='lat' dir='ltr'>per</span> <span class='ocrx_word' id='word_1_131' title='bbox 671 1937 875 2001; x_wconf 87' lang='lat' dir='ltr'>Cattos</span> <span class='ocrx_word' id='word_1_132' title='bbox 897 1985 920 2014; x_wconf 87' lang='lat'>,</span> <span class='ocrx_word' id='word_1_133' title='bbox 961 1943 1167 2001; x_wconf 81' lang='lat' dir='ltr'>excisis</span> <span class='ocrx_word' id='word_1_134' title='bbox 1198 1941 1619 2002; x_wconf 87' lang='lat' dir='ltr'>continentibus</span> <span class='ocrx_word' id='word_1_135' title='bbox 1650 1941 1803 2001; x_wconf 84' lang='lat' dir='ltr'>Her·</span> 
     </span>
     <span class='ocr_line' id='line_1_22' title="bbox 451 2014 1802 2103; baseline 0.002 -24"><span class='ocrx_word' id='word_1_136' title='bbox 451 2022 640 2100; x_wconf 85' lang='lat' dir='ltr'>cyniae</span> <span class='ocrx_word' id='word_1_137' title='bbox 675 2014 856 2102; x_wconf 84' lang='lat' dir='ltr'>sylvis</span> <span class='ocrx_word' id='word_1_138' title='bbox 883 2065 904 2095; x_wconf 90' lang='lat'><strong>,</strong></span> <span class='ocrx_word' id='word_1_139' title='bbox 953 2021 1212 2103; x_wconf 86' lang='lat' dir='ltr'>legiones</span> <span class='ocrx_word' id='word_1_140' title='bbox 1247 2020 1657 2082; x_wconf 86' lang='lat' dir='ltr'>Boiohoemum</span> <span class='ocrx_word' id='word_1_141' title='bbox 1700 2021 1802 2102; x_wconf 82' lang='lat' dir='ltr'>[id</span> 
     </span>
     <span class='ocr_line' id='line_1_23' title="bbox 448 2100 1871 2182; baseline 0.001 -23"><span class='ocrx_word' id='word_1_142' title='bbox 448 2102 719 2181; x_wconf 85' lang='lat' dir='ltr'>regioni,</span> <span class='ocrx_word' id='word_1_143' title='bbox 761 2101 931 2182; x_wconf 67' lang='lat' dir='ltr'>quam</span> <span class='ocrx_word' id='word_1_144' title='bbox 979 2100 1267 2161; x_wconf 86' lang='lat' dir='ltr'>incolebat</span> <span class='ocrx_word' id='word_1_145' title='bbox 1291 2145 1311 2175; x_wconf 91' lang='lat'>‚</span> <span class='ocrx_word' id='word_1_146' title='bbox 1352 2101 1755 2162; x_wconf 77' lang='lat' dir='ltr'>Maroboduus</span> <span class='ocrx_word' id='word_1_147' title='bbox 1782 2147 1803 2172; x_wconf 87' lang='lat'>‚</span> <span class='ocrx_word' id='word_1_148' title='bbox 1857 2109 1871 2115; x_wconf 76' lang='grc'><strong>“</strong></span> 
     </span>
     <span class='ocr_line' id='line_1_24' title="bbox 449 2179 1799 2320; baseline 0.001 -81"><span class='ocrx_word' id='word_1_149' title='bbox 449 2201 667 2240; x_wconf 87' lang='lat' dir='ltr'>nomen</span> <span class='ocrx_word' id='word_1_150' title='bbox 707 2179 855 2320; x_wconf 37' lang='lat' dir='ltr'>esta</span> <span class='ocrx_word' id='word_1_151' title='bbox 882 2182 1118 2242; x_wconf 85' lang='lat' dir='ltr'>duceret</span> <span class='ocrx_word' id='word_1_152' title='bbox 1156 2203 1171 2242; x_wconf 78' lang='lat' dir='ltr'>t</span> <span class='ocrx_word' id='word_1_153' title='bbox 1216 2181 1334 2263; x_wconf 88' lang='lat' dir='ltr'>ipse</span> <span class='ocrx_word' id='word_1_154' title='bbox 1376 2203 1409 2240; x_wconf 90' lang='lat' dir='ltr'>a</span> <span class='ocrx_word' id='word_1_155' title='bbox 1455 2181 1753 2243; x_wconf 82' lang='lat' dir='ltr'>Carnunto</span> <span class='ocrx_word' id='word_1_156' title='bbox 1778 2225 1799 2252; x_wconf 89' lang='lat'>,</span> 
     </span>
     <span class='ocr_line' id='line_1_25' title="bbox 453 2261 1803 2344; baseline 0.001 -26"><span class='ocrx_word' id='word_1_157' title='bbox 453 2263 554 2343; x_wconf 88' lang='lat' dir='ltr'>qui</span> <span class='ocrx_word' id='word_1_158' title='bbox 595 2261 758 2322; x_wconf 89' lang='lat' dir='ltr'>locus</span> <span class='ocrx_word' id='word_1_159' title='bbox 855 2263 997 2321; x_wconf 83' lang='lat' dir='ltr'>orici</span> <span class='ocrx_word' id='word_1_160' title='bbox 1044 2263 1204 2344; x_wconf 88' lang='lat' dir='ltr'>regni</span> <span class='ocrx_word' id='word_1_161' title='bbox 1244 2265 1541 2343; x_wconf 69' lang='lat' dir='ltr'>proximus¹</span> <span class='ocrx_word' id='word_1_162' title='bbox 1580 2261 1649 2319; x_wconf 86' lang='lat' dir='ltr'>ab</span> <span class='ocrx_word' id='word_1_163' title='bbox 1698 2262 1803 2320; x_wconf 87' lang='lat' dir='ltr'>hac</span> 
     </span>
     <span class='ocr_line' id='line_1_26' title="bbox 451 2338 1803 2422; baseline 0 -23"><span class='ocrx_word' id='word_1_164' title='bbox 451 2359 616 2422; x_wconf 86' lang='lat' dir='ltr'>parte</span> <span class='ocrx_word' id='word_1_165' title='bbox 669 2358 789 2401; x_wconf 88' lang='lat' dir='ltr'>erat</span> <span class='ocrx_word' id='word_1_166' title='bbox 823 2386 844 2414; x_wconf 87' lang='lat'><strong>‚</strong></span> <span class='ocrx_word' id='word_1_167' title='bbox 895 2345 1202 2401; x_wconf 85' lang='lat' dir='ltr'>exercitum</span> <span class='ocrx_word' id='word_1_168' title='bbox 1239 2384 1259 2413; x_wconf 92' lang='lat'>‚</span> <span class='ocrx_word' id='word_1_169' title='bbox 1292 2343 1409 2422; x_wconf 83' lang='lat' dir='ltr'>&#39;qui</span> <span class='ocrx_word' id='word_1_170' title='bbox 1456 2343 1514 2398; x_wconf 87' lang='lat' dir='ltr'>in</span> <span class='ocrx_word' id='word_1_171' title='bbox 1559 2338 1803 2420; x_wconf 79' lang='lat' dir='ltr'>Illyrico</span> 
     </span>
     <span class='ocr_line' id='line_1_27' title="bbox 451 2419 1806 2560; baseline 0.002 -82"><span class='ocrx_word' id='word_1_172' title='bbox 451 2420 712 2560; x_wconf 49' lang='lat' dir='ltr'>sethei-ebat</span> <span class='ocrx_word' id='word_1_173' title='bbox 733 2465 754 2494; x_wconf 91' lang='lat'><strong>,</strong></span> <span class='ocrx_word' id='word_1_174' title='bbox 788 2421 998 2480; x_wconf 84' lang='lat' dir='ltr'>ducere</span> <span class='ocrx_word' id='word_1_175' title='bbox 1043 2423 1101 2480; x_wconf 88' lang='lat' dir='ltr'>in</span> <span class='ocrx_word' id='word_1_176' title='bbox 1146 2420 1596 2481; x_wconf 85' lang='lat' dir='ltr'>Marcomannos</span> <span class='ocrx_word' id='word_1_177' title='bbox 1642 2419 1806 2481; x_wconf 80' lang='lat' dir='ltr'>orsus</span> 
     </span>
     <span class='ocr_line' id='line_1_28' title="bbox 535 2577 1805 2662; baseline 0.002 -23"><span class='ocrx_word' id='word_1_178' title='bbox 535 2577 681 2640; x_wconf 91' lang='lat' dir='ltr'>CX.</span> <span class='ocrx_word' id='word_1_179' title='bbox 721 2579 963 2661; x_wconf 80' lang='lat' dir='ltr'>Rumpit</span> <span class='ocrx_word' id='word_1_180' title='bbox 987 2624 1006 2651; x_wconf 86' lang='lat'><strong>‚</strong></span> <span class='ocrx_word' id='word_1_181' title='bbox 1040 2579 1327 2641; x_wconf 86' lang='lat' dir='ltr'>interdum</span> <span class='ocrx_word' id='word_1_182' title='bbox 1366 2598 1623 2641; x_wconf 79' lang='lat' dir='ltr'>moratur</span> <span class='ocrx_word' id='word_1_183' title='bbox 1665 2603 1805 2662; x_wconf 87' lang='lat' dir='ltr'>pro-</span> 
     </span>
     <span class='ocr_line' id='line_1_29' title="bbox 453 2659 1803 2752; baseline 0.001 -33"><span class='ocrx_word' id='word_1_184' title='bbox 453 2661 640 2752; x_wconf 83' lang='lat' dir='ltr'>posita</span> <span class='ocrx_word' id='word_1_185' title='bbox 704 2660 1006 2721; x_wconf 86' lang='lat' dir='ltr'>hominum</span> <span class='ocrx_word' id='word_1_186' title='bbox 1069 2659 1317 2722; x_wconf 86' lang='lat' dir='ltr'>fortuna.</span> <span class='ocrx_word' id='word_1_187' title='bbox 1384 2661 1803 2744; x_wconf 82' lang='lat' dir='ltr'>Praeparaverat</span> 
     </span>
    </p>
   </div>
   <div class='ocr_carea' id='block_1_5' title="bbox 451 2739 1803 2824">
    <p class='ocr_par' dir='ltr' id='par_1_6' title="bbox 451 2739 1803 2824">
     <span class='ocr_line' id='line_1_30' title="bbox 451 2739 1803 2824; baseline -0.001 -22"><span class='ocrx_word' id='word_1_188' title='bbox 451 2761 570 2823; x_wconf 70' lang='grc' dir='ltr'>μαι</span> <span class='ocrx_word' id='word_1_189' title='bbox 615 2741 878 2824; x_wconf 83' lang='lat' dir='ltr'>hyberna</span> <span class='ocrx_word' id='word_1_190' title='bbox 921 2739 1111 2806; x_wconf 82' lang='lat' dir='ltr'>Caesar</span> <span class='ocrx_word' id='word_1_191' title='bbox 1160 2743 1235 2806; x_wconf 89' lang='lat' dir='ltr'>ad</span> <span class='ocrx_word' id='word_1_192' title='bbox 1275 2742 1611 2806; x_wconf 84' lang='lat' dir='ltr'>Danubium</span> <span class='ocrx_word' id='word_1_193' title='bbox 1633 2786 1655 2817; x_wconf 91' lang='lat'><strong><em>‚</em></strong></span> <span class='ocrx_word' id='word_1_194' title='bbox 1696 2741 1803 2802; x_wconf 85' lang='lat' dir='ltr'>ad-</span> 
     </span>
    </p>
   </div>
  </div>
 </body>
</html>
