2067 3667
522 295 659 370 160
806 297 879 366 L.
929 297 1298 366 ANNE!
1345 297 1652 367 Front

504 418 585 480 &
614 415 917 477 sociorum.
951 415 1284 497 Numquam
1313 417 1664 476 imminentis
1691 409 1878 480 ruina

512 497 902 559 manifestiora
933 498 1196 580 prodigia
1220 539 1239 570 ,
1283 495 1416 579 fuga
1465 496 1832 558 vifflmarum
1855 543 1876 573 ,

508 581 779 638 examina
803 580 864 637 in
895 580 1068 660 signis
1089 621 1110 650 ,
1140 578 1388 637 interdiu
1419 578 1674 638 tenebrae
1700 601 1720 653 ;
1751 578 1878 639 dux

514 659 535 717 i
582 656 639 718 se
685 661 751 721 δι.
796 657 1072 718 ηοᾶιιτιιέι
1109 660 1354 740 imagine
1391 657 1594 718 theatri
1636 657 1719 719 sui
1765 681 1874 722 au-

512 680 677 798 diens
722 738 979 820 plausum
1033 740 1093 796 in
1146 738 1389 798 modum
1441 737 1697 819 planfflis
1756 743 1876 800 cir-

512 817 855 880 cumsonare
879 841 898 894 ;
926 822 992 882 &
1018 820 1188 880 mane
1205 839 1352 879 cum
1388 819 1549 898 pullo
1577 818 1871 902 (nefasl)

504 899 667 980 'apud
743 901 1019 982 principia
1093 897 1448 980 conspeaus.
1527 900 1873 980 Numquam

511 982 703 1040 acrior
752 1001 943 1064 neque
1001 979 1242 1040 alacrior
1289 981 1570 1040 exercitus
1627 977 1872 1042 Coesaris

464 1119 472 1126 .
510 1059 642 1123 fuit.
685 1060 828 1122 Inde
870 1061 1104 1122 classica
1143 1062 1298 1142 prius
1323 1106 1340 1132 ,
1379 1060 1516 1121 inde
1558 1062 1690 1122 tela.
1736 1061 1870 1122 An·

510 1159 776 1202 notatum
802 1163 1038 1224 quoque
1061 1143 1469 1201 committentis
1491 1143 1677 1202 aciem
1699 1139 1875 1202 Cras-

510 1224 616 1282 tini
649 1223 829 1303 pilum
866 1245 885 1296 ;
923 1225 1019 1303 qui
1051 1243 1190 1283 mox
1217 1220 1417 1283 adacio
1441 1224 1500 1281 in
1530 1243 1598 1282 os
1631 1222 1868 1304 gladio,

502 1304 594 1363 sic
630 1305 773 1363 inter
809 1304 1090 1364 cadavera
1129 1319 1390 1382 repertus
1411 1347 1432 1377 ‚
1459 1303 1768 1364 libidinem
1799 1325 1874 1365 ac

508 1383 766 1455 rabiem,
810 1384 923 1465 qua
965 1399 1322 1464 pugnaverat
1340 1426 1361 1456 ,
1419 1384 1544 1465 ipsa
1601 1385 1873 1445 novitate

510 1463 761 1524 vulneris
791 1463 1151 1544 praeferebat.
1187 1461 1302 1524 Sed
1331 1483 1440 1523 nec
1471 1465 1658 1524 minus
1685 1465 1875 1524 admi·

508 1543 699 1603 rabilis
744 1544 889 1605 illius
940 1546 1126 1604 exitus
1175 1544 1333 1604 belli.
1380 1542 1625 1626 Quippe
1679 1565 1871 1626 quum

506 1623 818 1706 Pompeius
862 1625 1011 1685 adeo
1069 1626 1328 1706 equitum
1390 1628 1561 1706 copia
1603 1625 1873 1687 abunda·

505 1723 633 1779 ret,
676 1723 740 1766 ut
776 1705 944 1765 facile
986 1707 1480 1781 circumventurus
1519 1705 1628 1766 sibi
1659 1704 1868 1767 Caesa-

504 1805 633 1845 rem
670 1787 969 1848 videretur
1008 1831 1027 1860 ‚
1085 1788 1508 1848 circumventus
1569 1784 1690 1866 ipse
1757 1787 1868 1850 est.

506 1863 663 1926 Nam
702 1887 883 1955 quum
928 1866 1025 1925 diu
1080 1887 1250 1948 aequo
1299 1866 1490 1927 Marte
1539 1869 1862 1930 contende·

506 1963 637 2006 rent
661 1991 680 2020 ‚
736 1944 993 2028 Juss‘uque
1055 1946 1320 2028 Pompeii
1373 1947 1526 2008 fusus
1586 1969 1618 2006 a
1675 1970 1868 2009 cornu

506 2025 773 2109 erupisset
818 2029 1099 2109 equitatus
1137 2049 1157 2101 ;
1205 2044 1444 2110 repente
1495 2029 1629 2087 hinc
1689 2031 1866 2112 signo

505 2106 641 2168 dato
666 2153 687 2181 ‚
734 2105 1160 2168 Germanorum
1211 2108 1482 2169 cohortes
1530 2126 1752 2170 tantum
1797 2114 1860 2170 in

506 2186 715 2248 effusos
764 2190 987 2270 equites
1039 2189 1228 2249 fecere
1271 2192 1552 2271 impetum
1586 2233 1605 2265 ‚
1659 2207 1722 2251 ut
1743 2192 1861 2258 ,illi

506 2266 620 2328 esse
703 2270 923 2341 editeS‚
968 2269 1026 2327 hi
1061 2273 1260 2329 venire
1299 2273 1357 2328 in
1391 2273 1553 2352 equis
1590 2271 1862 2331 videren-

504 2364 611 2409 tur.
720 2370 825 2408 anc
860 2345 1104 2432 stragem
1143 2349 1410 2431 fugientis
1452 2351 1725 2432 equitatus
1755 2351 1858 2412 ·le·

502 2430 592 2488 vis
635 2443 929 2488 armaturae
980 2433 1139 2488 ruina
1194 2434 1464 2491 comitata
1521 2429 1620 2490 est.
1677 2429 1860 2493 Tunc

502 2525 723 2568 terrore
771 2508 933 2568 latius
976 2510 1114 2569 dato
1150 2551 1169 2582 ‚
1209 2511 1562 2572 turbantibus
1600 2515 1862 2574 invicem

502 2608 576 2648 co
622 2590 689 2647 iis
713 2634 736 2661 ‚
783 2589 996 2670 reliqua
1045 2588 1256 2671 strages
1313 2595 1472 2674 quasi
1513 2592 1628 2651 una
1675 2613 1860 2654 mama

500 2667 558 2729 fa
610 2691 643 2728 a
682 2667 782 2730 est.
824 2669 954 2730 Nec
992 2671 1107 2729 ulla
1143 2691 1235 2731 res
1267 2675 1445 2752 magis
1485 2675 1668 2733 exitio
1698 2671 1858 2746 fuit,

500 2748 674 2834 quam
732 2747 850 2833 ipsa
900 2751 1184 2814 exercitiis
1233 2754 1588 2836 magnitudo,
1627 2751 1860 2816 Multus
