2067 3667
551 317 682 367 102
785 293 854 364 C.
914 295 1181 366 VELL.
1233 295 1684 365 Parma·

579 415 747 476 uietis
783 413 1003 474 territo.
1041 409 1111 473 Id
1148 427 1376 482 autem,
1408 416 1468 472 in
1582 429 1620 474 o
1658 403 1891 475 C'asstui

533 435 723 556 puerat
755 541 774 566 ,
811 494 1069 578 fugatum
1119 515 1183 554 ac
1232 493 1379 553 male
1426 513 1525 553 mu
1548 511 1729 554 tatum·
1768 539 1789 567 ‚
1827 498 1888 556 in

536 575 740 636 altiora
773 573 830 636 se
864 591 1159 656 receperat
1191 575 1340 635 loca.
1371 571 1531 636 Tum
1557 573 1784 636 Cassius
1818 593 1892 636 ex

535 653 632 716 sua
680 655 906 716 fortuna
959 670 1239 716 eventum
1282 654 1519 738 collegae
1552 653 1842 716 ‚aestimans
1870 700 1889 729 ,

536 755 717 816 quum
764 735 1059 796 dimisiss'et
1108 754 1419 798 evocatum
1459 783 1477 808 ,
1534 729 1889 818 jussisfetque

535 819 800 878 nuntiare
835 817 979 889 sibi,
1019 837 1147 898 quae
1182 816 1318 878 effer
1354 817 1660 878 multitudo
1692 837 1758 876 ac
1796 818 1887 876 vis

534 895 838 957 hominum
869 941 888 970 ‚
925 917 1053 979 quae
1092 897 1172 958 ad
1212 897 1269 957 se
1308 897 1572 958 tenderet
1613 919 1632 972 3
1673 897 1890 956 tardius

536 997 612 1038 eo
646 979 938 1038 nuntiante
956 1022 977 1052 ‚
1000 997 1181 1060 quum
1208 979 1267 1036 in
1300 979 1496 1040 vicino
1520 973 1656 1038 esset
1680 994 1885 1117 affmen

533 1054 696 1118 cursu
721 1057 791 1117 ad
826 1077 960 1118 eum
992 1057 1353 1118 tendentium
1376 1102 1395 1132 ,
1420 1077 1493 1116 ne
1538 1077 1610 1116 ue
1642 1079 1720 1138 pu
1744 1077 1887 1118 vere

531 1135 709 1198 facies
749 1155 843 1197 aut
883 1140 1048 1220 signa
1084 1137 1345 1198 denotari
1388 1159 1465 1218 po
1512 1153 1649 1209 ent,
1694 1135 1889 1198 existi-

534 1237 698 1276 mans
744 1215 937 1276 hostes
992 1213 1103 1277 effe
1154 1220 1253 1298 qui
1291 1218 1569 1278 irruerent
1592 1261 1611 1292 ,
1656 1213 1885 1278 lacerna
1974 1269 1981 1274 .

533 1313 702 1378 caput
724 1295 1102 1357 circumdedit
1121 1340 1140 1365 ‚
1172 1312 1570 1378 extentamque
1594 1303 1883 1360 cervicem

529 1375 814 1438 interritus
835 1377 1042 1437 liberto
1067 1377 1325 1459 praebuit.
1357 1373 1674 1439 Deciderat
1695 1377 1882 1442 Cassii

530 1474 699 1538 caput
721 1500 740 1529 ,
775 1477 954 1539 quum
996 1474 1271 1518 evocatus
1308 1457 1581 1530 advenit,
1617 1462 1881 1522 nuntians

526 1535 770 1599 Brutum
801 1535 912 1598 ess'e
947 1536 1225 1598 victorem
1258 1560 1271 1599 :
1310 1539 1407 1621 qui
1438 1558 1617 1620 quum
1639 1542 1883 1622 impera-

527 1633 718 1678 torem
738 1617 1080 1701 prostratum
1100 1619 1329 1681 videret
1349 1643 1369 1696 3
1392 1617 1591 1702 sequar
1612 1666 1631 1695 ,
1655 1623 1838 1703 inquit
1860 1665 1881 1696 ,

528 1717 663 1758 eum
689 1744 708 1771 ,
755 1720 930 1780 quem
966 1721 1098 1760 mea
1132 1701 1345 1760 occidit
1386 1701 1620 1761 tarditas
1650 1723 1670 1776 3
1704 1704 1767 1762 &
1800 1703 1878 1761 ita

525 1779 586 1837 in
632 1779 884 1860 gladium
921 1781 1198 1841 incubuit.
1240 1779 1374 1842 Post
1412 1802 1625 1860 paucos
1662 1781 1877 1842 deinde

527 1859 650 1917 dies
674 1857 880 1919 Brutus
912 1862 1171 1921 conflixit
1192 1881 1324 1921 cum
1349 1861 1601 1920 hostibus
1620 1905 1639 1935 ,
1668 1862 1879 1926 &aric-

524 1953 617 1999 tus
650 1940 772 1998 acie
793 1985 812 2013 ,
837 1962 1015 2022 quum
1040 1944 1099 2000 in
1134 1943 1419 2000 tumulum
1443 1939 1608 2000 noae
1646 1961 1718 2000 ex
1743 1939 1876 2025 fuga

522 2017 582 2080 se
607 2021 900 2100 recepisset
919 2067 936 2088 ,
971 2023 1299 2102 impetravit
1320 2041 1353 2078 a
1376 2019 1641 2083 Stratone
1664 2022 1877 2104 AEgea-

522 2115 582 2166 te
617 2099 874 2160 familiari
901 2099 1039 2179 suot,
1062 2118 1125 2160 ut
1157 2121 1390 2161 manum
1414 2106 1689 2162 morituro
1716 2125 1875 2164 com-

516 2181 788 2241 modaret
808 2182 956 2256 sibi3
991 2180 1295 2262 erefioque
1332 2182 1483 2244 laevo
1508 2182 1675 2264 super
1702 2201 1875 2266 caput

519 2259 756 2321 brachio
780 2309 798 2337 ‚
823 2283 998 2343 quum
1021 2283 1361 2324 mucronem
1386 2263 1558 2346 gladii
1583 2262 1705 2342 ejus
1734 2264 1873 2324 dex-

519 2341 644 2400 tera
675 2359 877 2404 tenens
915 2342 1149 2402 sinistrae
1187 2342 1525 2402 admoviss'et
1560 2343 1826 2404 mamillae
1849 2391 1869 2419 ‚

517 2421 594 2479 ad
633 2441 767 2481 eum
809 2421 990 2503 ipsum
1036 2423 1231 2483 locum
1257 2466 1281 2493 ,
1319 2423 1433 2505 qua
1475 2445 1577 2483 cor
1620 2427 1825 2484 emicat
1849 2471 1869 2500 ‚

431 2549 434 2554 .
519 2501 821 2581 impellens
860 2500 915 2561 se
955 2504 1014 2560 in
1049 2503 1257 2565 vulnus
1281 2548 1301 2576 ‚
1340 2523 1458 2564 uno
1497 2502 1612 2564 ic'tu
1645 2503 1867 2565 transfi-

515 2601 621 2639 xus
665 2579 769 2639 exs
800 2583 985 2655 itavit,

597 2659 714 2720 LX
797 2661 841 2722 I.
885 2662 1145 2722 Protinus
1184 2661 1441 2724 Mess‘alla
1464 2709 1484 2739 ,
1524 2663 1863 2748 fulgentissi-

517 2757 644 2800 mus
660 2739 893 2822 juvenis
916 2785 934 2818 ,
957 2746 1252 2825 proximus
1268 2748 1329 2806 in
1360 2745 1467 2807 illis
1492 2745 1677 2807 castris
1698 2743 1862 2804 Bruti
