2067 3667
474 317 618 387 44⁴
720 294 790 365 C.
845 294 1111 363 Vsu.
1161 292 1276 363 ΡΑ
1304 309 1571 363 TER-c.

476 436 555 476 nu
578 458 599 489 ‚
633 414 776 475 odio
811 414 871 473 in
901 412 1200 474 Romanos
1232 410 1522 485 Annibal,
1549 409 1828 493 occupati

474 495 617 559 Asia
648 538 668 568 ‚
715 492 1036 576 necatisque
1083 496 1142 553 in
1184 513 1252 553 ea
1298 493 1567 552 omnibus
1603 493 1826 553 civibus

476 576 790 650 Romanis,
824 574 969 657 quos
1000 574 1241 656 quidem
1275 574 1482 633 eadem
1521 572 1614 633 die
1651 590 1826 654 atque

476 656 623 717 hora
648 701 667 729 ‚
705 656 943 715 redditis
976 654 1294 716 civitatibus
1333 654 1528 715 litteris
1553 698 1573 728 ,
1609 654 1827 735 ingenti

476 757 612 796 cum
674 736 1085 818 pollicitatione
1144 738 1516 817 praemiorum
1577 736 1826 795 interimi

474 814 700 898 jusserat
739 815 905 897 [quo
951 831 1216 897 tempore
1258 835 1447 897 neque
1491 813 1826 877 fortitudine

476 896 751 956 adversus
781 895 1178 955 Mithridatem
1198 940 1217 969 ,
1248 916 1438 976 neque
1467 893 1582 955 fide
1618 898 1676 955 in
1700 894 1828 955 Ro-

474 997 679 1039 manos
750 975 1007 1056 uisquam
1041 974 1285 1037 Rhodiis
1361 997 1420 1034 ar
1444 974 1570 1035 fuit.
1597 974 1828 1035 Horum

476 1054 657 1117 fidem
682 998 1153 1139 laitylenaeorum
1225 1076 1286 1115 er
1331 1057 1424 1116 dia
1449 1055 1824 1129 illuminavit,

479 1140 580 1223 qui
600 1136 687 1197 M.
708 1135 1029 1219 Aquillium
1047 1138 1162 1199 alio
1189 1157 1302 1217 que
1327 1134 1649 1197 Mithridati
1667 1139 1830 1197 vinc·

478 1234 573 1277 tos
602 1217 995 1293 tradiderunt3
1026 1217 1230 1299 quibus
1263 1216 1490 1277 libertas
1511 1261 1534 1289 ,
1564 1218 1623 1276 in
1657 1220 1826 1279 unius

478 1296 854 1379 Theophanis
892 1299 1131 1379 gratiam
1165 1342 1184 1370 ,
1229 1295 1429 1379 postea
1469 1319 1502 1356 a
1542 1296 1826 1379 Pompeio

478 1378 731 1439 restituta
770 1376 892 1460 est]
941 1400 1123 1459 quum
1168 1378 1432 1438 terribilis
1471 1376 1645 1437 Italiae
1680 1398 1830 1459 quo-

479 1480 593 1555 que
641 1458 941 1521 videretur
984 1460 1282 1519 imminere
1312 1504 1334 1533 ,
1381 1458 1529 1519 sorte
1582 1458 1828 1521 obvenit

479 1537 649 1599 Sullae
697 1538 841 1599 Asia
933 1541 1206 1599 rovincia.
1247 1538 1304 1599 Is
1348 1536 1590 1621 egressus
1634 1539 1776 1600 urbe
1800 1585 1826 1616 ,

480 1639 659 1699 quum
692 1623 837 1679 circa
871 1561 930 1679 13
934 1619 1089 1679 olam
1121 1636 1439 1679 moraretur
1467 1618 1726 1701 [quippe
1757 1641 1828 1681 ea

479 1700 614 1759 urbs
648 1701 1098 1781 pertinacissime
1133 1720 1289 1760 arma
1322 1702 1641 1772 retinebat,
1661 1722 1827 1762 exer-

479 1782 709 1859 cituque
746 1778 1014 1841 Romano
1046 1780 1416 1841 obsidebatur
1444 1825 1463 1853 ‚
1499 1781 1661 1841 velut
1698 1804 1824 1863 poe-

476 1862 685 1921 niteret
716 1857 837 1937 ejus
868 1858 1042 1931 fidei,
1077 1882 1245 1943 quam
1269 1864 1530 1921 omnium
1559 1862 1826 1923 sanciissi·

430 1933 439 1945 ’
473 1942 633 2002 ,πιὲιῐη
674 1940 830 2000 bello
871 1940 1203 2022 praestiterat
1233 1940 1493 2025 Punico]
1530 1942 1590 2003 P.
1636 1942 1825 2025 Sulpi·

482 2022 600 2079 cius
620 2020 873 2079 tribunus
897 2021 1081 2100 plebis
1101 2020 1365 2094 disertus,
1391 2043 1524 2084 acer
1541 2070 1560 2097 ‚
1583 2025 1821 2103 opibus,

479 2100 688 2181 gratia,
715 2102 975 2161 amicitiis
994 2145 1013 2174 ,
1040 2104 1244 2185 vigore
1271 2105 1484 2185 ingenii
1513 2122 1567 2163 at
1611 2126 1682 2165 ue
1705 2108 1824 2181 ani}

478 2182 561 2241 mi
600 2180 1004 2243 celeberrimus
1028 2226 1049 2256 ,
1092 2204 1268 2263 quum
1310 2200 1476 2243 antea
1515 2126 1824 2245 rezissima

477 2260 776 2321 voluntate
814 2263 967 2343 apud
1006 2262 1289 2345 populum
1327 2265 1635 2323 maximam
1673 2287 1828 2347 quae-

476 2336 629 2400 siffet
668 2341 1038 2423 dignitatem,
1115 2344 1234 2401 uasi
1271 2345 1493 2425 pigeret
1536 2365 1670 2405 eum
1709 2348 1828 2405 vir-

476 2437 666 2480 tutum
701 2420 919 2482 suarum
940 2466 958 2495 ‚
1001 2364 1255 2484 &qbene
1293 2423 1547 2484 consulta
1582 2428 1636 2485 ei
1675 2426 1825 2487 male

477 2500 789 2576 cederent,
826 2501 1011 2563 subito
1053 2525 1262 2585 pravus
1302 2506 1366 2566 δι
1402 2527 1656 2589 praeceps
1683 2552 1706 2579 ‚
1747 2505 1824 2569 C.

470 2578 668 2647 Mario
688 2627 707 2656 ,
734 2581 865 2663 post
886 2582 1359 2668 septuagesimum
1391 2608 1601 2661 annum
1631 2592 1830 2648 omnia

404 2680 407 2685 ·
476 2664 716 2741 imperia
739 2664 801 2723 δι
826 2685 1028 2725 omnes
1055 2667 1378 2746 provincias
1402 2667 1831 2747 concupiscenti

474 2740 727 2821 addixit,
752 2743 1058 2831 legemque
1091 2746 1164 2826 ad
1195 2748 1478 2832 populum
1515 2750 1682 2824 tulit,
1707 2753 1830 2831 qua
