2067 3667
543 270 634 371 58
800 274 875 341 L.
915 272 1275 343 Alvum
1325 273 1630 342 FLokt

536 388 802 451 faciebat.
827 388 1025 473 Itaque
1055 406 1234 471 quum
1265 390 1358 450 diu
1385 390 1746 471 multumque
1777 389 1906 458 elu-
2008 428 2014 435 ·

536 472 743 532 derent
779 470 940 553 Salyi
962 516 985 543 ‚
1022 470 1314 531 Deceates
1339 516 1358 545 ‚
1393 469 1621 550 Oxybii
1645 514 1664 540 ‚
1697 470 1906 533 Eubu-

536 556 705 613 riates
726 596 744 625 ‚
782 551 1018 634 Ingauni
1057 576 1075 627 3
1103 554 1337 612 tandem
1371 550 1606 611 Fulvius
1649 551 1905 612 latebras

538 654 743 693 eorum
787 635 1012 716 ignibus
1063 632 1238 713 sepsit
1281 656 1294 694 ε
1341 631 1568 693 Baebius
1617 633 1676 689 in
1726 634 1904 713 plana

538 714 779 773 deduxit
818 737 833 776 z
880 713 1244 775 posthumius
1291 717 1374 774 ita
1418 715 1735 773 exarmavit
1765 756 1786 787 ‚
1831 730 1896 775 ut

535 796 638 857 vix
670 797 966 877 reliquerit
988 794 1204 856 ferrum
1224 841 1244 870 ,
1263 816 1390 877 -quo
1417 810 1567 855 terra
1590 794 1897 857 coleretur.

1165 944 1878 1011 “Q-at·

552 1144 557 1155 ,
880 1074 1312 1145 CAPUT
1409 1076 1561 1145 IV.

550 1242 561 1251 ·
676 1213 1126 1271 ’ΒΕιιυΜ
1197 1215 1728 1271 GALLICUM.

534 1315 656 1430 G
668 1343 851 1421 ²A.1.1.1
868 1381 897 1421 s
928 1360 1256 1421 Insubribus
1275 1406 1294 1431 ,
1325 1362 1392 1422 δι
1422 1361 1510 1421 his
1545 1362 1758 1423 accolis
1782 1362 1895 1423 Al-

578 1462 697 1501 mm
717 1486 737 1511 ,
772 1444 945 1502 animi
979 1442 1270 1517 ferarum,
1310 1462 1557 1523 corpora
1590 1443 1894 1525 plusquam

533 1463 783 1583 flumana
826 1540 985 1583 erant
1030 1545 1045 1584 :
1091 1522 1189 1583 sed
1227 1526 1626 1604 experimento
1678 1525 1896 1607 depre-

532 1603 775 1665 hensum
810 1603 891 1665 est
918 1604 944 1686 (
966 1606 1182 1685 quippe
1213 1606 1358 1663 sicut
1389 1607 1606 1684 primus
1633 1607 1894 1687 impetus

532 1686 616 1745 eis
649 1683 835 1764 major
876 1685 1045 1767 quum
1082 1689 1344 1745 virorum
1379 1684 1460 1745 est
1483 1730 1504 1755 ‚
1533 1688 1612 1744 ita
1646 1686 1890 1767 sequens

534 1769 727 1825 minor
766 1766 945 1847 quiim'
984 1764 1380 1846 feminarum)
1421 1765 1637 1847 Alpina
1675 1785 1892 1849 corpo-

530 1866 593 1904 ra
641 1846 904 1904 humenti
954 1846 1110 1905 coelo
1163 1847 1402 1906 educata
1457 1846 1669 1907 habere
1719 1850 1891 1930 quid-

490 1948 497 1953 ·
534 1927 668 1985 dam
700 1927 885 1986 simile
912 1928 1142 1986 nivibus
1182 1926 1289 1988 suis
1315 1950 1334 1987 .·
1405 1949 1494 1987 uae
1517 1948 1658 1989 mox
1691 1946 1754 1989 ut
1791 1952 1890 1990 ca-

532 2006 693 2068 luere
743 2007 936 2089 pugn&
958 2052 977 2080 ,
1026 2006 1212 2068 statim
1258 2012 1315 2068 in
1365 1950 1637 2069 adorem
1686 2027 1822 2070 eunt
1863 2031 1888 2085 3

528 2089 599 2151 δὲ
645 2089 763 2151 levi
807 2105 970 2149 motu
1002 2132 1021 2161 ‚
1067 2090 1226 2171 quasi
1271 2088 1440 2161 sole,
1483 2090 1758 2151 laxantur.
1803 2091 1886 2151 Hi

523 2166 679 2251 fae'pe
713 2171 781 2231 ὅ(
816 2170 951 2229 alius
980 2215 1001 2243 ,
1033 2168 1130 2229 sed
1169 2171 1494 2230 Britomaro
1537 2172 1724 2242 duce,
1761 2192 1888 2232 non

529 2252 689 2331 prius
730 2248 1010 2310 soluturos
1050 2251 1108 2312 se
1151 2252 1336 2311 baltea
1357 2296 1380 2323 ,
1423 2250 1596 2333 quium
1633 2250 1884 2334 Capito-

526 2332 671 2391 lium
704 2330 1106 2402 ascendissent,
1132 2330 1476 2409 juraverant.
1505 2332 1742 2393 Paetum
1777 2332 1884 2396 est.

431 2428 433 2430 '
524 2408 729 2473 Victos
762 2415 916 2473 enim
950 2412 1216 2475 AEmilius
1251 2416 1309 2471 in
1347 2411 1639 2495 Capitolio
1677 2413 1884 2476 discin-

522 2496 628 2554 xit.
679 2492 829 2553 Mox
865 2538 883 2567 ‚
930 2492 1226 2556 Ariovisto
1278 2494 1424 2554 duce
1459 2540 1478 2567 ‚
1523 2516 1748 2556 vovere
1804 2495 1884 2557 de

522 2574 853 2636 nostrorum
884 2575 1146 2634 militum·
1167 2576 1360 2656 praeda
1396 2575 1573 2636 Marti
1609 2576 1712 2635 suo
1757 2592 1884 2637 tor-

528 2668 721 2736 quem.
756 2654 1074 2736 Intercepit·
1098 2657 1315 2737 Jupiter
1350 2674 1574 2718 votum.
1609 2656 1769 2717 Natu⁴
1803 2658 1882 2719 de

525 2742 829 2819 torquibus
874 2736 1364 2803 eorum-'aureum
1405 2755 1702 2821 tropaeum.
1737 2739 1882 2803 Iovi
