2067 3667
575 322 707 392 166
870 323 943 390 L.
984 323 1342 391 ANNAEI
1390 317 1698 392 FLoizl

560 461 681 502 non
722 463 793 502 ex
829 461 993 501 more
1031 437 1256 510 Caesar,
1296 441 1419 500 sive
1450 437 1705 521 respeciu
1742 439 1924 524 fragi-

560 521 730 582 litatis
778 524 1040 581 humanae
1075 566 1095 596 ‚
1153 523 1278 580 sive
1319 523 1555 580 nimiam
1599 519 1925 602 prospero-

562 623 693 662 rum
741 600 1052 684 suspectam
1093 601 1310 661 habens
1353 603 1858 662 continuationem
1905 625 1924 676 3

464 705 472 713 ·
560 683 660 743 vel
708 683 913 742 eadem
958 685 1170 743 timens
1194 727 1213 756 ,
1259 681 1558 764 postquam
1599 682 1755 742 idem
1803 681 1923 743 esse

562 780 819 844 coeperat
860 808 878 832 ,
930 763 1093 844 quod
1130 762 1462 844 PompeiuS.
1501 761 1620 822 Sed
1676 765 1734 821 in
1787 763 1922 842 ipso

561 843 767 924 proelio
791 886 812 916 ,
856 843 1017 924 quod
1065 863 1242 902 nemo
1294 864 1568 924 umquam
1626 846 1922 904 memine-

562 941 648 983 rat
675 969 696 997 ‚
744 945 923 1005 quum
978 925 1077 984 diu
1133 925 1262 1004 pari
1310 923 1504 983 Marte
1563 926 1712 984 acies
1769 925 1928 984 nihil

527 1027 531 1032 ·
560 1005 717 1064 aliud
756 1005 929 1086 quam
970 1003 1305 1064 occiderent
1327 1049 1352 1074 ,
1385 1008 1444 1064 in
1478 1003 1678 1065 medio
1703 1004 1920 1066 ardore

560 1088 932 1166 pugnantium
972 1084 1158 1144 subito
1198 1087 1402 1166 ingens
1444 1087 1592 1145 inter
1641 1083 1922 1166 utrosque

556 1166 847 1226 silentium
867 1209 887 1240 ,
918 1169 1080 1248 quasi
1107 1163 1481 1226 convenisset.
1504 1165 1622 1226 Hic
1649 1169 1920 1227 omnium

559 1245 749 1306 sensus
796 1263 934 1307 etat.
988 1245 1322 1307 Novissime
1365 1246 1507 1307 illud
1557 1248 1919 1308 invisitatum

556 1323 799 1387 Caesaris
844 1327 1025 1388 oculis
1077 1325 1328 1408 (nefas)
1381 1325 1510 1409 post
1563 1329 1922 1408 quatuorde-

554 1409 671 1466 cim
720 1427 901 1467 annos
953 1409 1196 1488 probata
1246 1424 1660 1468 veteranorum
1708 1429 1918 1470 manus

594 1487 800 1546 ‘tadum
849 1503 1003 1548 retro
1052 1487 1228 1548 dedit.
1269 1486 1458 1566 Quod
1497 1492 1602 1548 etsi
1647 1491 1918 1550 nondum

557 1506 617 1627 {a
660 1585 782 1628 erat
801 1613 823 1640 ,
861 1569 1175 1650 apparebat
1209 1585 1403 1628 tamen
1440 1569 1663 1650 pudore
1695 1573 1918 1653 magiS‚

558 1589 733 1732 quffim
785 1649 1003 1711 virtute
1060 1647 1339 1711 resistere.
1399 1645 1598 1731 Itaque
1643 1651 1916 1732 ablegato

559 1749 712 1810 equo
731 1774 751 1802 ‚
800 1730 995 1790 similis
1043 1729 1250 1790 furenti
1276 1761 1298 1802 ,-
1385 1732 1588 1790 rimam
1627 1734 1687 1790 in
1725 1735 1919 1792 aciem

558 1811 864 1890 procurrit.
901 1809 991 1869 Ibi
1033 1808 1296 1891 prensare
1399 1813 1617 1894 gientes
1639 1857 1660 1886 ‚
1696 1810 1920 1872 confir-

558 1909 717 1949 mare
740 1931 761 1962 ,
794 1909 899 1971 per
926 1905 1119 1951 totum
1156 1891 1412 1972 denique
1442 1914 1474 1951 a
1576 1913 1647 1952 en
1686 1894 1913 1964 oculis»,

558 1969 819 2030 manibus
836 2015 855 2045 ‚
884 1970 1140 2033 clamore
1175 1972 1441 2034 volitare.
1539 1975 1702 2032 ‘citur
1724 1977 1786 2032 in
1813 1974 1918 2034 illa

556 2051 987 2132 perturbatione
1030 2054 1098 2114 &
1137 2053 1212 2113 de
1255 2055 1526 2114 extremis
1565 2052 1794 2134 agit-affe
1833 2055 1917 2116 se-

556 2152 691 2191 cum
712 2177 735 2204 ,
766 2133 829 2194 &
858 2131 1158 2194 manifeste
1195 2133 1364 2194 vultu
1395 2133 1700 2218 praetuliffe
1719 2178 1740 2207 ‚
1781 2155 1916 2218 qua·

557 2214 606 2270 si
662 2231 955 2293 occupare·
994 2235 1168 2276 manu
1209 2232 1464 2276 mortem
1505 2215 1688 2276 velle‘t
1725 2238 1744 2289 ;
1799 2218 1914 2276 nisi

558 2293 829 2353 cohortes
866 2293 1118 2356 hostium
1167 2297 1422 2378 quinque
1470 2315 1576 2376 per
1611 2295 1914 2357 transver-

554 2371 669 2431 sam
720 2376 904 2434 aciem
943 2375 1078 2435 aaa
1115 2423 1133 2447 ‚
1177 2397 1316 2457 quas
1357 2375 1639 2437 Labienus
1680 2378 1917 2458 pericli-

554 2453 802 2512 tantibus
858 2453 1050 2514 castris
1107 2454 1360 2517 subsidio
1405 2456 1632 2518 miserat
1668 2502 1692 2529 ,
1750 2457 1910 2540 fugae

552 2533 803 2673 speciem
832 2533 1212 2617 praebuiss'ent.
1239 2536 1374 2598 Hoc
1405 2554 1504 2598 aut
1538 2539 1603 2598 &
1635 2535 1752 2620 ipse
1779 2559 1910 2599 cre·

596 2613 701 2674 idit
724 2659 744 2689 ,
780 2631 877 2676 aut
912 2615 1029 2676 dux
1073 2616 1310 2678 callidus
1361 2620 1596 2700 arripuit
1627 2621 1684 2678 in
1731 2640 1908 2679 occa-

554 2696 779 2756 sionem
815 2717 829 2756 ε
868 2697 933 2758 &
962 2701 1125 2782 quasi
1158 2700 1217 2757 in
1253 2697 1571 2781 fugientem
1605 2699 1906 2774 invectus,

556 2776 726 2838 simul
764 2777 831 2841 δ’(
875 2776 1108 2842 suorum
1145 2796 1342 2842 erexit.
1366 2780 1634 2857 animos,
1674 2782 1740 2844 ὃ(
1776 2780 1905 2843 hos·
