2067 3667
568 333 1011 406 Ltezn
1108 335 1169 405 1.
1359 347 1542 435 449·

184 451 373 535 potuit
415 450 717 535 largitione
759 453 1052 535 corrumpi
1087 474 1107 527 ;
1145 472 1326 535 quum
1369 471 1435 516 ut·
1479 454 1541 517 in

182 555 393 616 magno
416 576 437 605 ‚
472 532 537 596 δι
568 535 629 592 in
671 534 795 593 dies
828 530 1050 612 majore
1091 534 1316 616 populo
1337 579 1356 608 ‚
1395 538 1544 596 inte·

181 618 291 673 rim
329 616 633 695 perniciosi
672 617 831 675 cives
872 612 1220 675 exsisterent.
1268 612 1541 698 Spurium

182 693 453 755 Cassium
482 694 697 777 agraria
732 695 785 755 le
827 716 859 754 e
880 738 901 771 ‚
940 694 1204 755 Maelium
1236 696 1544 778 largitione

172 773 493 857 suspeftum
544 778 715 857 regiae
765 714 1175 836 §ominationis
1209 818 1228 847 ‚
1277 776 1544 857 praesemi
1599 800 1603 804 ’

180 874 375 918 morte
398 857 681 916 multavit.
704 856 796 917 Ac
818 856 890 915 de
907 853 1117 936 Spurio
1149 858 1389 937 quidem
1413 858 1546 939 sup-

100 967 104 970 ·
177 937 415 1018 plicium
445 954 606 1016 patet
626 940 801 1017 ipsius
824 935 1062 1015 sumpsit
1087 957 1102 994 ι
1133 936 1284 995 hunc
1315 936 1544 1015 Quinc-

179 1020 245 1076 tii
282 1016 569 1077 diGatoris
605 1018 853 1096 imperio
878 1060 897 1087 ‚
922 1018 983 1073 in
1018 1015 1220 1077 medio
1256 1016 1386 1077 foro
1425 1030 1549 1077 rna-i

220 1096 354 1156 ister
398 1098 653 1177 equitum
710 1094 985 1155 Servilius
1023 1094 1212 1155 Ahala
1259 1096 1549 1161 confodit-¹

179 1118 469 1241 §balium
514 1178 659 1237 verb
710 1173 980 1257 Capitolii
1023 1176 1316 1241 vindicem
1345 1221 1366 1249 ‚
1406 1182 1544 1259 quia

180 1256 489 1340 plerosque
523 1257 847 1316 debitorum
876 1257 1220 1317 liberaverat
1241 1303 1260 1332 ‚
1288 1256 1451 1318 altihs
1477 1258 1506 1318 s
1501 1280 1543 1323 e

182 1340 249 1399 δι
268 1338 551 1397 ἰηςὶνίῙίἰιε
580 1336 947 1410 efferentem,
980 1338 1056 1397 ab
1075 1338 1210 1409 illa,
1234 1360 1408 1419 quam
1435 1340 1540 1399 de-

178 1418 440 1479 fenderat
460 1462 481 1492 ,
516 1438 645 1479 arce
685 1416 913 1496 dejecit.
950 1416 1112 1477 Talis
1147 1418 1309 1479 domi
1341 1441 1406 1479 ac
1447 1420 1542 1481 foa

176 1502 255 1561 ris
294 1522 315 1573 ;
353 1500 483 1561 talis
525 1520 667 1579 pace
708 1499 985 1581 belloque
1026 1500 1280 1580 populus
1321 1498 1540 1561 Roma-

177 1590 287 1641 nus
318 1577 527 1639 fretum
559 1580 701 1639 illud
728 1579 1150 1639 Adolescentiae
1168 1624 1188 1652 ,
1219 1579 1281 1638 id
1310 1578 1389 1640 est
1408 1624 1427 1655 ‚
1453 1580 1540 1641 se-

180 1660 429 1723 cundam
468 1662 694 1743 imperii
746 1677 971 1719 aetatem
1017 1659 1266 1734 habuit3
1316 1662 1378 1718 in
1422 1682 1540 1744 qva
1619 1723 1629 1733 Χ

177 1760 373 1885 §.effug
397 1744 544 1801 inter
574 1740 756 1823 Alpes
776 1740 1099 1823 fretumque
1119 1736 1340 1803 Italiam
1360 1744 1540 1813 armis,

203 1846 239 1884 u
286 1838 421 1906 egxt.
