2067 3667
399 262 492 330 14
653 240 726 308 C.
783 241 1043 309 Vnt.
1094 237 1488 309 Pareae.

477 360 496 418 i
539 358 916 441 quadriennio
1015 356 1105 418 bst
1156 358 1217 417 in
1264 357 1445 419 libera
1492 353 1761 419 custodia

393 380 568 503 leae
595 440 844 501 decessit
867 484 888 514 ‚
921 438 966 499 P
991 438 1437 521 eudophilippus
1458 480 1485 509 ,
1518 460 1551 499 a
1584 459 1759 501 men·

401 521 568 581 dacio
603 521 877 581 simulatae
909 522 1145 602 originis
1172 521 1529 602 appellatus,
1560 521 1659 603 qui
1690 518 1758 581 se

394 600 722 683 Philippum
751 603 1037 683 regiaeque
1067 599 1254 681 stirpis
1283 600 1537 673 ferebat,
1570 621 1757 683 quum

399 680 539 743 effet
565 683 780 743 ultimae
802 726 828 753 ,
860 682 1033 749 armis
1058 681 1343 763 occupata
1363 680 1714 744 Macedoni&
1735 724 1758 754 ,

396 760 690 845 assumptis
725 764 886 845 regni
921 762 1230 845 insignibus
1250 805 1270 836 ‚
1312 764 1481 824 brevi
1518 764 1765 823 temeri-

395 844 532 905 tatis
573 864 776 926 poenas
809 843 989 906 dedit.
1034 842 1281 926 Quippe
1320 843 1578 923 Quintus
1616 841 1765 905 Me·

396 924 568 987 tellus
601 942 817 1007 praetor
838 970 858 995 ,
901 927 992 986 cui
1027 944 1103 985 ex
1137 928 1355 987 virtute
1382 924 1759 987 Macedonici

397 1026 617 1067 nomen
651 1005 896 1066 inditum
921 1053 938 1077 ,
982 1006 1259 1088 praeclara
1295 1005 1535 1067 viclorizi
1568 1004 1761 1086 ipsum

401 1104 756 1170 gentemque
805 1084 1096 1167 superavit
1122 1130 1141 1159 ,
1187 1089 1252 1148 &
1298 1088 1531 1147 immani
1579 1089 1759 1147 etiam

400 1166 654 1229 Achaeos
703 1166 982 1228 rebellare
1029 1170 1367 1248 incipientes
1418 1166 1565 1229 fudit
1612 1172 1765 1229 acie.

400 1247 517 1309 Hic
549 1246 632 1308 est
667 1246 945 1307 Metellus
977 1247 1395 1309 Macedonicus
1422 1293 1441 1318 ‚
1484 1249 1582 1330 qui
1615 1270 1766 1329 por-

400 1330 546 1389 ticus
565 1373 585 1399 ‚
623 1349 752 1410 quae
781 1326 944 1389 fuere
977 1328 1342 1389 circumdatae
1370 1329 1589 1391 duabus
1620 1330 1769 1391 aedi-

400 1408 510 1469 bus
553 1411 676 1469 sine
717 1406 1077 1489 inscriptione
1124 1412 1327 1490 positis
1359 1454 1381 1481 ,
1426 1432 1557 1491 quae
1602 1431 1765 1479 nunc

402 1488 666 1553 oaaviae
706 1489 1030 1571 porticibus
1068 1492 1394 1551 ambiuntur
1420 1534 1441 1564 ,
1484 1490 1701 1553 fecerat
1740 1514 1769 1567 ς,

405 1573 622 1653 quique
677 1570 824 1631 hanc
885 1588 1134 1633 turmam
1190 1571 1493 1633 statuarum
1549 1593 1769 1654 eques-

403 1653 578 1713 trium
601 1698 622 1724 ,
676 1672 806 1733 quae
865 1650 1119 1714 frontem
1174 1654 1387 1715 aediurn
1440 1651 1689 1735 spe6tant
1735 1699 1764 1727 ,

401 1727 699 1814 hodieque
731 1734 1047 1795 maximum
1080 1750 1478 1798 ornamentum
1514 1733 1639 1817 ejus
1671 1734 1769 1797 lo-

404 1816 500 1883 ci,
543 1834 616 1873 ex
654 1811 1007 1875 Macedonia
1050 1814 1271 1877 detulit.
1320 1813 1507 1895 Cujus
1554 1832 1765 1877 turmae

401 1892 548 1965 hanc
585 1892 811 1955 causam
843 1892 1101 1964 referunt
1140 1918 1155 1955 :
1195 1895 1477 1979 Magnum
1512 1896 1769 1957 Alexan-

405 1975 576 2035 drum
608 1974 930 2056 impetrasse
966 1998 1000 2046 a
1031 1976 1299 2059 Lysippo
1322 2022 1338 2047 ,
1374 1978 1643 2061 singulari
1670 1994 1767 2039 ta-

403 2056 546 2129 lium
577 2053 808 2117 auEtore
847 2076 1093 2139 opertum
1116 2104 1137 2131 ‚
1170 2058 1233 2119 u't
1264 2061 1763 2141 eorumequitum

405 2138 508 2218 qui
545 2157 618 2197 ex
659 2138 839 2219 ipsius
875 2155 1063 2207 turma
1108 2140 1261 2221 apud
1296 2138 1615 2206 Granicum
1650 2140 1767 2207 flu-

405 2238 544 2291 men
577 2220 944 2295 ceciderunt,
987 2219 1251 2301 eir-‚pressa
1282 2220 1653 2289 similitudine
1686 2219 1769 2281 fi-

403 2302 708 2382 gurarum,
730 2299 944 2371 faceret
972 2300 1178 2371 statuas
1193 2348 1209 2372 ,
1230 2303 1492 2384 &ipsius
1523 2322 1767 2385 quoque

405 2383 478 2441 iis
513 2383 928 2462 interponeret.
977 2383 1093 2443 Hic
1122 2384 1286 2451 idem
1305 2430 1333 2465 3
1382 2385 1603 2464 primus
1632 2394 1767 2444 o'm·

405 2464 564 2524 nium
605 2462 812 2523 Romae
839 2508 859 2536 ‚
899 2464 1086 2531 aedetn
1130 2486 1203 2525 ex
1244 2486 1536 2533 marmore
1582 2467 1642 2525 in
1685 2467 1767 2527 iis

405 2544 548 2623 ipsis
595 2547 984 2613 monumentis
1025 2546 1263 2606 molitus
1292 2592 1311 2619 ‚
1350 2545 1449 2607 vel
1486 2544 1767 2627 ,magnifi-

411 2626 610 2683 centiae
647 2625 748 2685 vel
785 2625 1020 2686 luxuria».
1059 2629 1325 2709 princeps
1359 2626 1483 2687 fuit.
1520 2626 1641 2687 vix
1674 2627 1773 2691 uzl-

410 2705 522 2767 lius
548 2707 734 2788 gentis
759 2748 780 2783 ,
817 2709 1002 2777 aetatis
1021 2752 1041 2780 ,
1080 2708 1303 2777 ordinis
1332 2709 1631 2777 hominem
1660 2709 1765 2781 ine
