2067 3667
493 307 628 385 106
745 308 816 379 C.
872 311 1135 379 νεα.
1187 308 1597 377 Para-nc.

478 444 688 511 praeter
713 446 924 509 corpus
945 446 1147 508 gerens
1168 468 1188 498 ,
1220 426 1412 485 omnia
1438 426 1605 483 armis
1628 422 1846 485 tumul-

479 526 660 591 tuque
690 507 981 568 miscebat.
1004 506 1147 567 Haec
1167 506 1308 565 belli
1334 504 1529 565 sedem
1550 503 1841 567 Praeneste

482 603 716 671 ceperat
745 587 1067 650 :Antonius
1088 632 1107 662 ,
1166 584 1317 645 ulsus
1343 584 1593 666 undique
1614 585 1838 646 viribus

482 667 764 740 Caesaris,
797 668 1087 729 Perusiam
1141 688 1174 727 e
1206 666 1561 728 contulerat:
1594 664 1837 743 Plancus

479 749 935 813 Antonianarum
959 746 1185 827 adjutor
1210 748 1458 828 partium
1475 790 1501 817 ,
1530 743 1689 827 spem
1714 768 1839 807 ma·

595 828 922 891 ostenderat
951 826 1183 897 auxilii,
1214 826 1387 908 quam
1410 846 1589 909 opem
1611 825 1840 890 ferebat

402 970 406 977 .
477 850 763 975 ffitonio.
807 908 959 971 Usus
1006 906 1197 970 Caesar
1234 910 1447 979 virtute
1496 909 1563 969 &
1602 904 1837 971 fortuna

479 990 578 1051 sua
615 990 905 1051 Perusiam
938 990 1291 1072 expugnavit
1330 1010 1353 1062 3
1385 985 1712 1050 Antonium
1744 990 1839 1049 ina

479 1070 762 1143 violatum
802 1072 1014 1131 dimisit
1044 1094 1059 1131 :
1091 1074 1152 1130 in
1187 1068 1494 1130 Perusinos
1516 1080 1590 1128 'm
1666 1072 1712 1130 ‘s
1748 1071 1836 1131 ira

481 1152 731 1213 militum
773 1152 948 1234 quam
987 1150 1287 1214 voluntate
1332 1148 1589 1210 saevitum
1670 1153 1789 1211 ucis
1814 1173 1837 1213 τ

480 1234 618 1297 urbs
651 1231 875 1311 incensa
894 1276 918 1305 ,
954 1230 1113 1293 cu'us
1148 1232 1373 1291 initium·
1398 1230 1650 1289 incendii
1677 1233 1837 1312 prin·-

478 1332 620 1391 ceps
665 1310 788 1392 ejus
838 1312 955 1372 loci
1030 1314 1141 1373 ecit
1188 1309 1604 1371 Macedonicus
1624 1355 1650 1385 ,
1689 1314 1787 1393 qui
1808 1356 1835 1387 ,

475 1391 732 1472 subjec'io
753 1392 922 1453 rebus
944 1412 1008 1453 ac
1072 1390 1329 1451 enatibus
1350 1388 1457 1459 suis
1476 1393 1631 1473 igni,
1656 1408 1837 1464 trans,

475 1470 658 1533 fixum
693 1471 751 1533 se
825 1473 976 1533 ladio
1056 1492 1259 1532 ammae
1291 1467 1499 1531 intulit.

512 1590 522 1626 ι
557 1552 750 1618 LXX
817 1601 832 1615 .
874 1553 982 1614 Per
1017 1552 1222 1613 eadem
1252 1568 1521 1632 tempora
1552 1550 1836 1615 exarserat

474 1634 536 1693 in
570 1632 884 1714 Campania
913 1634 1130 1695 bellum
1151 1678 1170 1707 ,
1194 1632 1352 1714 quod
1378 1678 1397 1707 ,
1416 1630 1693 1713 profess'us
1725 1654 1830 1695 eo-

476 1735 611 1774 rum
626 1761 647 1789 ,
668 1718 765 1797 qui
795 1715 1161 1797 perdiderant
1182 1735 1215 1773 a
1254 1734 1347 1774 ros
1362 1756 1385 1787 ,
1409 1715 1789 1794 patrocinium
1808 1756 1835 1787 ,

475 1794 665 1854 ciebat
703 1794 840 1854 Tib.
880 1793 1156 1856 Claudius
1220 1835 1224 1841 ‚
1260 1815 1361 1853 ero
1407 1796 1705 1875 praetorius
1761 1796 1829 1855 ὃς

472 1874 739 1955 pontifex
761 1918 780 1947 ,
813 1872 950 1934 Tib.
991 1872 1226 1935 Caesaris
1262 1890 1425 1953 pater
1445 1876 1691 1954 „magni
1735 1876 1831 1933 vir

473 1956 651 2014 animi
674 1952 1098 2037 doctissimique
1129 1955 1355 2033 ingenii.
1378 1950 1445 2011 Id
1468 1972 1701 2034 quoque
1724 1953 1830 2013 ad·-

469 2036 654 2096 ventu
699 2031 942 2095 Caesaris'
975 2033 1257 2117 sepultum
1306 2049 1477 2113 atque
1521 2031 1830 2094 discuss'um

471 2113 576 2175 est.
601 2112 753 2193 Quis
775 2114 1020 2175 fortunae
1044 2115 1391 2175 mutationes
1407 2158 1431 2185 ,
1462 2115 1589 2195 quis
1613 2113 1828 2177 dubios

469 2215 666 2257 rerum
684 2195 1057 2255 humanarum
1078 2192 1233 2255 casus
1251 2192 1379 2254 satis
1399 2196 1589 2265 mirari
1606 2212 1777 2276 queat
1794 2195 1827 2257 i*

471 2280 600 2359 quis
639 2297 758 2336 non
797 2275 1022 2337 diversa
1062 2275 1429 2358 praesentibus
1452 2320 1472 2348 ‚
1516 2278 1827 2334 contraria-

465 2390 468 2392 *
513 2376 586 2415 ue
637 2356 969 2436 exspec’iatis
1023 2373 1121 2415 aut
1172 2354 1360 2435 speret
1408 2371 1503 2414 aut
1549 2356 1745 2414 timeat
1794 2354 1825 2415 ἓ
1920 2393 1925 2399 -

468 2377 634 2495 ἶίνὶει
674 2438 1010 2497 nobilissimi
1053 2438 1117 2497 &
1161 2435 1449 2494 fortissimi
1486 2434 1597 2494 viri
1635 2433 1835 2496 Drusi.

467 2512 770 2576 Claudiani
805 2515 958 2588 filia,
987 2535 1199 2595 genere
1219 2559 1238 2589 ,
1269 2514 1551 2595 probitate
1572 2558 1591 2587 ,
1629 2514 1826 2577 forma

465 2592 858 2657 Romanarum
894 2597 1334 2656 eminentissima
1357 2640 1376 2668 ,
1413 2615 1583 2676 quam
1617 2596 1822 2677 postea

465 2675 774 2759 conjugem
805 2675 1048 2759 Augusti
1082 2677 1333 2736 vidimus
1356 2718 1377 2747 ,
1456 2680 1591 2735 uam
1632 2675 1841 2737 transt*

467 2759 642 2842 gressi
665 2758 737 2819 ad
770 2756 938 2821 Deos
965 2756 1322 2822 sacerdotem
1348 2778 1413 2819 ac
1478 2758 1612 2819 liam
1630 2800 1657 2831 ,
1685 2774 1812 2818 tum
