2067 3667
544 291 677 395 3168
835 325 905 394 L.
958 324 1323 394 ΑΝΝΑει
1372 325 1682 393 onnl

582 465 651 502 ax
705 445 1001 502 incruenta
1054 464 1070 502 ε
1123 439 1532 522 pensatumque
1588 443 1905 504 clementia

536 465 775 584 Eellum.
844 521 1043 583 Nemo
1111 521 1284 583 caesus
1363 523 1608 603 imp-erio
1687 543 1905 604 praeter

538 602 843 664 Afranium
898 623 918 674 ;
972 602 1098 662 satis
1147 606 1448 685 ignoverat
1507 602 1684 663 semel
1737 626 1753 664 z
1831 606 1904 666 &

538 681 806 744 Faustum
863 681 1079 743 Sullam
1131 705 1152 756 ;
1206 683 1488 743 didicerat
1533 703 1775 765 generos
1825 687 1936 747 ti·>

537 783 698 824 mere
746 785 760 824 :
818 761 1112 845 filiamque
1151 763 1413 845 Pompeii
1454 784 1587 824 cum
1631 765 1904 844 patrueli·

532 843 643 903 bus
698 865 771 904 ex
812 842 967 904 Sulla
1006 865 1027 918 3
1089 844 1184 903 hic
1254 841 1496 924 posteris
1563 845 1898 906 cavebatur.

540 921 743 1006 Itaque
770 945 891 985 non
922 926 1156 1008 ingratis
1186 925 1410 984 civibus
1430 967 1450 996 ‚
1479 945 1686 984 omnes
1713 945 1904 986 unum

537 1007 596 1065 in
651 1007 971 1086 principem
1031 1003 1286 1086 congesti
1349 1005 1603 1065 honores
1659 1027 1676 1066 t
1743 1007 1903 1067 circa

538 1085 756 1164 templa
790 1088 1064 1168 imagines
1101 1107 1121 1161 3
1158 1089 1216 1144 in
1252 1085 1476 1146 theatro
1511 1083 1768 1146 distin&a
1811 1108 1901 1147 ra-

512 1165 647 1224 *diis
695 1185 911 1226 corona
960 1187 981 1239 3
1018 1163 1310 1248 suggestus
1355 1167 1415 1224 in
1463 1169 1619 1226 curia
1660 1189 1680 1241 ;
1739 1165 1900 1227 fasti-

540 1247 791 1326 giumin
824 1245 1005 1306 domo
1042 1268 1060 1320 3
1098 1249 1309 1306 mensis
1339 1246 1399 1304 in
1433 1247 1588 1306 coelo
1622 1267 1642 1319 ;
1679 1246 1752 1306 ad
1779 1247 1902 1310 hoc

538 1343 701 1407 pater
736 1324 855 1406 ipse
898 1329 1093 1409 patriae
1134 1324 1555 1408 perpetuusque
1595 1326 1839 1387 dieiatm·
1881 1352 1900 1390 t

540 1407 854 1466 novissime
896 1451 916 1480 ,
980 1407 1220 1466 dubium
1275 1429 1350 1467 an
1414 1406 1538 1487 ipso
1597 1408 1842 1468 volente
1877 1454 1898 1483 ‚

538 1485 733 1544 oblata
780 1505 885 1565 pro
940 1485 1162 1547 Rostris
1212 1488 1286 1547 ab
1341 1485 1602 1548 Antonio
1658 1487 1899 1551 consule

538 1547 703 1648 rssgni
726 1567 984 1649 insignia.
1016 1566 1174 1646 Quae
1197 1569 1426 1638 omnia,
1459 1567 1621 1628 velut
1655 1567 1854 1628 infulae
1875 1615 1900 1642 ,

538 1648 599 1706 in
662 1645 996 1712 destinatam
1045 1651 1218 1708 morti
1269 1647 1560 1708 viffimam
1612 1669 1902 1731 congere-

537 1728 766 1787 bantur.
803 1726 1050 1811 Quippe
1083 1728 1452 1790 clementiam
1488 1730 1763 1810 principis
1807 1733 1901 1791 vi-

536 1809 619 1865 cit
665 1807 882 1866 invidia
922 1829 943 1880 ;
1004 1808 1303 1904 gravisque
1363 1825 1483 1870 erat
1535 1809 1732 1870 liberis
1776 1809 1904 1904 ipsa

537 1884 955 1948 beneficiorum
1000 1907 1282 1970 potentia.
1331 1887 1390 1948 N
1393 1909 1462 1950 ec
1499 1890 1712 1949 diutius
1762 1891 1902 1952 dda-

534 1969 621 2028 tio
666 1967 878 2028 donata
925 1966 1007 2028 est
1041 1989 1058 2031 z
1101 1968 1200 2030 sed
1236 1969 1444 2030 Brutus
1491 1971 1560 2030 δι
1607 1968 1846 2031 Cassius
1879 2017 1903 2047 ‚

538 2048 748 2130 aliique
804 2065 995 2130 patres
1063 2048 1468 2110 consenserunt
1530 2052 1592 2109 in
1668 2051 1900 2112 caedem

586 2130 833 2211 rincipis.
891 2128 1131 2208 Quanta
1177 2132 1266 2191 vis
1316 2128 1418 2190 fati
1478 2132 1494 2190 ξ
1551 2151 1897 2193 manaverat

566 2210 655 2268 ate
714 2207 1043 2288 conjuratio
1098 2232 1115 2270 ι
1168 2209 1396 2271 libellus
1454 2212 1622 2270 etiam
1679 2209 1898 2273 Caesari

534 2290 706 2350 datus
750 2291 965 2350 eodem
1014 2291 1110 2351 die
1143 2313 1158 2352 ε
1199 2312 1306 2350 nec
1349 2291 1612 2372 perlitare
1653 2310 1897 2353 centum

541 2368 785 2428 vifflmis
810 2387 1100 2451 potuerat.
1125 2370 1304 2432 Venit
1327 2374 1387 2432 in
1414 2373 1627 2432 curiam
1653 2389 1844 2432 tamen
1869 2419 1898 2450 ‚

540 2448 977 2528 expeditionem
1016 2451 1336 2512 Parthicam
1369 2452 1672 2512 meditans,
1705 2451 1798 2513 Ibi
1827 2456 1912 2521 in.

542 2527 725 2588 curuli
755 2527 1052 2590 sedentem
1081 2551 1216 2592 eum
1255 2529 1475 2596 senatus
1501 2535 1710 2594 invasit
1739 2555 1762 2606 ;
1799 2538 1899 2595 tri-

536 2607 755 2691 busque
810 2611 875 2672 &
921 2611 1126 2694 viginti
1170 2611 1501 2675 vulneribus
1555 2613 1640 2674 ad·
1675 2630 1898 2676 terram

540 2689 706 2749 datus
750 2688 849 2752 est.
888 2688 982 2752 Sic
1018 2691 1116 2754 ille
1138 2736 1160 2765 ‚
1199 2695 1298 2774 qui
1335 2712 1612 2756 terrarum
1656 2692 1896 2756 Orbem

536 2770 697 2830 civili
737 2769 827 2832 san
868 2773 1000 2834 uine
1043 2773 1388 2854 impleverat
1409 2820 1426 2844 ,
1477 2774 1712 2836 tandem
1765 2775 1892 2856 ipse

534 2849 803 2936 sanguine
850 2873 927 2916 uo
952 2855 1168 2918 curiam
1189 2856 1476 2941 implevit.

1604 2932 1891 3010 CAPUT

2054 569 2055 582 l

2053 641 2055 654 ⁴,

2053 665 2055 676 ‹
