2067 3667
456 297 743 369 str.
796 298 1113 369 LIBER
1163 298 1228 370 Ι.
1427 320 1517 393 ι7

197 412 306 477 fore
329 458 348 488 ‚
392 418 439 475 si
482 437 700 477 nomen
739 412 974 499 usquam
1018 416 1213 479 stantis
1262 412 1521 480 maneret'

197 494 582 579 Carthaginis3
625 498 774 558 adeo
819 500 1019 559 odium
1048 545 1068 573 ‚
1115 501 1521 560 certaminibus

196 596 365 638 ortum
391 622 412 649 ,
454 577 602 638 ultra
633 596 852 639 metum
881 580 1044 639 durat
1070 622 1091 652 ‚
1130 582 1194 641 &
1223 600 1297 641 ne
1332 584 1388 641 in
1422 582 1519 639 vi-

196 658 284 719 &is
316 658 548 741 quidem
584 658 895 741 deponitur
915 705 938 733 ,
977 680 1166 741 neque
1204 662 1333 721 ante
1369 664 1520 721 invi·

194 738 300 801 sum
328 737 433 799 esse
468 739 680 800 desinit
701 782 722 811 ,
759 740 932 822 quhm
965 740 1075 801 effe
1112 740 1295 801 desiit.

261 818 444 882 XIII.
488 818 648 881 Ante
685 822 996 881 triennium
1029 820 1200 903 quium
1230 820 1441 882 Cartha
1480 843 1519 883 o

193 900 498 974 deleretur,
531 900 619 962 M.
657 898 810 961 Cato
831 945 850 974 ,
922 921 1191 983 erpetuus
1225 903 1427 963 diruen
1470 925 1520 961 ae

195 979 304 1059 ejus
341 980 538 1042 aucior
563 1025 586 1053 ,
629 981 697 1042 L.
747 980 875 1043 Cen
899 984 1069 1042 orino
1098 1028 1119 1055 ‚
1165 980 1254 1042 M.
1295 982 1521 1042 Manlio

197 1060 312 1122 cofl'.
351 1078 607 1123 mortem
659 1060 826 1123 obiit.
880 1060 1110 1123 Eodem
1156 1082 1305 1123 anno
1335 1108 1356 1133 ,
1406 1084 1525 1157 quo

195 1140 464 1225 Carthago
507 1142 764 1205 concidit
785 1190 802 1213 ‚
843 1142 912 1204 L.
949 1142 1273 1203 Mummius
1312 1140 1527 1203 Corm-

196 1223 376 1298 thum,
403 1221 532 1306 post
561 1244 740 1284 annos
766 1241 1091 1307 nongentos
1120 1228 1254 1305 quin
1298 1227 1526 1306 uaginta

197 1304 367 1377 duoS,
411 1305 586 1387 quem
626 1302 698 1364 ab
730 1303 904 1366 Alete
942 1305 1219 1386 Hippotis
1296 1306 1374 1366 lio
1408 1320 1557 1364 erat-

194 1387 410 1447 condita
431 1432 450 1460 ‚
485 1385 738 1447 funditus
772 1389 932 1445 eruit.
975 1386 1241 1467 Uterque
1274 1388 1529 1467 impera·-

195 1484 276 1527 tor
296 1513 312 1537 ,
359 1466 600 1531 deviRae
637 1490 670 1527 a
703 1465 758 1526 se
791 1469 978 1551 gentis
1013 1469 1246 1527 nomine
1280 1466 1531 1527 honora·

196 1563 276 1609 tus
298 1594 317 1621 ‚
348 1549 494 1608 alter
526 1547 827 1609 Africanus
854 1593 873 1622 ,
913 1549 1059 1607 alter
1092 1546 1409 1628 appellatus
1442 1545 1529 1605 est

199 1628 466 1690 Achaicus
497 1650 517 1703 ;
559 1650 669 1689 nec
707 1628 1003 1709 quisquam
1036 1648 1109 1687 ex
1139 1628 1309 1685 novis
1339 1626 1532 1685 horni-

201 1711 350 1769 nibus
397 1713 553 1792 prior
596 1710 891 1771 Mummio
941 1728 1287 1790 cognomen.
1314 1709 1531 1766 virtute

197 1809 404 1871 partum
441 1791 780 1853 vindicavit.
825 1788 1057 1850 Diversi
1096 1788 1529 1869 imperatoribus

198 1892 376 1932 mores
401 1920 419 1943 ‚
455 1870 678 1933 diversa
710 1870 869 1931 fuere
901 1870 1097 1930 studia.
1131 1868 1373 1949 Quippe
1410 1866 1533 1927 Sci-

200 1955 288 2033 pio
333 1970 450 2012 tam
501 1952 591 2013 ele
633 1974 731 2011 ans
779 1951 1101 2011 liberalium
1154 1948 1467 2009 studiorum
1510 1990 1533 2020 ,

201 2034 482 2115 omnisque
511 1972 784 2093 dogrinae
816 2034 881 2093 &
915 2032 1149 2103 ευὲὶοτ,
1191 2032 1254 2091 &
1288 2030 1538 2089 admira-

201 2128 281 2172 tor
325 2113 432 2174 fuit
459 2159 476 2183 ,
530 2132 592 2175 ut
640 2112 996 2193 Polybium,
1046 2111 1475 2190 Panaetiumque
1514 2154 1534 2179 ,

197 2195 581 2275 praecellentes
623 2196 860 2275 ingenio
907 2195 1067 2252 viros
1095 2236 1118 2264 ,
1171 2192 1331 2249 domi
1386 2187 1540 2247 mili-

199 2277 396 2355 tiaeque
430 2275 625 2333 secum
651 2274 913 2333 habuerit
938 2292 954 2331 z
981 2291 1169 2351 neque
1197 2272 1352 2329 enim
1385 2270 1539 2349 quis·-

199 2360 366 2437 quarff
405 2356 520 2415 hoc
563 2355 833 2434 Scipione
880 2352 1191 2435 elegantius
1238 2348 1537 2409 intervalla

198 2439 558 2519 negotiorum
587 2438 732 2502 ‚otio
787 2432 1071 2515 dispunxit
1114 2479 1133 2506 ‚
1194 2430 1539 2571 semperque

199 2535 288 2577 aut
319 2517 456 2578 belli
486 2533 582 2576 aut
611 2518 770 2597 pacis
804 2515 992 2575 serviit
1023 2514 1235 2573 artibus
1260 2534 1275 2572 t
1338 2532 1541 2593 emper

198 2600 336 2659 inter
367 2620 524 2659 arma
551 2619 615 2658 ac
652 2596 832 2657 studia
867 2593 1123 2656 versatus
1148 2640 1164 2663 ‚
1202 2609 1298 2653 aut
1329 2614 1539 2672 corpus

192 2680 459 2819 -Kgriculis
498 2696 596 2739 aut
631 2681 884 2737 animum
916 2675 1223 2756 disciplinis
1262 2676 1540 2735 exercuit.

267 2764 513 2823 ummius
552 2776 669 2821 tam
711 2759 864 2819 rudis
903 2756 1012 2818 fuit
1039 2800 1060 2833 ,
1104 2774 1167 2819 ut
1207 2754 1373 2837 capt&
1414 2751 1543 2815 Co·-
