2067 3667
491 266 593 353 :42
738 261 815 330 L.
865 260 1235 330 Anum
1283 260 1584 331 onnr

492 381 695 464 legatis
716 381 777 440 in
792 378 1019 441 Urbem
1043 422 1064 451 ,
1090 379 1249 440 omni
1273 378 1456 439 modo
1479 372 1705 438 annisus
1729 374 1822 439 est
1836 420 1860 449 ,

494 479 561 522 ut
598 460 745 521 fafio
779 460 1002 521 foedere
1043 461 1104 519 in
1137 461 1448 519 amicitiam
1483 460 1859 541 reciperetur.

492 540 611 603 Sed
629 542 787 602 bello
804 543 869 602 &
888 560 1029 622 pace
1044 585 1063 614 ‚
1082 539 1222 601 foris
1241 542 1306 602 &
1325 541 1486 601 domi
1501 560 1775 611 ,omnem
1793 544 1859 603 in

492 640 716 705 partem
740 622 1007 682 Romana
1032 623 1216 681 virtus
1241 638 1366 680 tum
1389 620 1447 681 se
1471 620 1854 701 approbavit:

494 722 606 763 nec
640 705 747 762 alia
782 704 961 784 magis
986 746 1003 773 ‚
1037 701 1207 781 quam
1232 700 1550 762 Tarentina
1573 699 1820 761 vffloria
1835 742 1856 772 ,

492 780 746 843 ostendit
780 782 983 863 populi
1014 782 1262 842 Romani
1297 780 1696 843 fortitudinem
1716 826 1737 853 ,
1766 781 1857 841 se-

492 863 662 924 natfis
710 862 1038 944 sapientiam
1075 907 1098 933 ,
1145 862 1357 921 ducum
1411 864 1858 945 magnanimita-

494 960 637 1005 tem.
674 942 935 1022 Quinam
978 942 1060 1002 illi
1108 940 1336 1003 fiaes-unt
1381 945 1534 1016 viri,
1579 962 1732 1025 quos
1777 941 1854 1002 ab

494 1023 813 1105 elephantis
852 1026 1044 1103 primo
1087 1024 1296 1103 proelio
1337 1025 1584 1083 obtritos
1621 1025 1858 1105 accepi·

494 1124 625 1165 mus
668 1106 691 1164 ἓ
730 1106 992 1164 omnium
1026 1104 1265 1165 vulnera
1302 1104 1362 1161 in
1401 1102 1634 1186 pessore
1672 1124 1687 1163 ε
1723 1104 1856 1185 qui-

494 1185 630 1245 dam
668 1183 925 1244 hostibus
963 1182 1071 1243 suis
1107 1186 1404 1243 immor-tui
1439 1206 1454 1244 ε
1495 1185 1758 1244 omnium
1795 1188 1854 1245 in

494 1264 760 1326 manibus-
816 1262 979 1324 enses
1018 1308 1039 1337 ,
1099 1266 1163 1325 &
1210 1263 1420 1323 reliffle
1472 1265 1534 1323 in
1591 1264 1853 1327 vultibus

495 1340 669 1407 ininae
707 1391 727 1419 ,
786 1346 850 1405 &
911 1347 970 1403 in
1032 1343 1153 1424 ipsa
1205 1356 1395 1405 morte
1447 1346 1530 1404 ira
1588 1345 1854 1413 vivebat.

498 1422 689 1503 Quod
724 1424 873 1485 adeo
915 1424 1171 1504 Pyrrhus
1209 1426 1445 1485 miratus
1485 1423 1567 1486 est
1589 1469 1610 1499 ‚
1649 1443 1714 1486 ut
1759 1426 1854 1485 di-

496 1522 653 1567 ceret
684 1526 703 1566 ε
742 1508 799 1565 Ο
834 1506 995 1585 ᾳιιάνη
1025 1503 1205 1584 fitcil&
1244 1522 1358 1565 erat
1396 1506 1538 1565 orbis
1575 1508 1852 1587 imperium

498 1608 757 1667 occupare
776 1630 797 1658 ‚
830 1604 928 1645 aut
961 1587 1095 1645 mihi
1117 1588 1387 1647 Romanis
1413 1588 1676 1647 militibus
1695 1631 1720 1658 ,
1751 1604 1855 1649 auu

396 1714 407 1725 .
498 1689 581 1727 me
612 1690 722 1749 rege
748 1670 1034 1729 Romanis.
1065 1664 1222 1745 Quae
1249 1686 1444 1727 autem
1477 1688 1680 1727 eorum
1699 1710 1718 1739 ,
1791 1670 1854 1728 ui

495 1746 935 1828 superfuerunt,
964 1749 1021 1805 in
1053 1749 1371 1827 reparando
1411 1750 1664 1808 exercitu
1695 1688 1854 1809 farai*

492 1830 653 1887 natio
687 1828 709 1888 ?
744 1846 921 1907 quum
947 1826 1234 1906 Pyrrhus,
1262 1832 1432 1889 theo
1465 1850 1585 1904 me,
1621 1830 1854 1911 inquit,

485 1910 653 1989 plane*
690 1908 947 1967 Herculis
980 1910 1149 1967 sidere
1171 1928 1505 1988 procreatum
1525 1954 1547 1981 ,
1573 1912 1662 1969 cui
1687 1912 1854 1989 quasi

496 1989 567 2047 ab
600 2010 777 2069 angue
810 1991 1027 2049 Lemaeo
1047 2034 1065 2059 ‚
1107 2006 1187 2048 tot
1225 1990 1357 2068 caesa
1402 1992 1624 2071 hostium
1663 1992 1852 2071 capita

498 2070 565 2127 de
606 2068 874 2151 fitnguine
912 2068 1019 2147 fito
1070 2069 1424 2148 renafiuntur.
1474 2068 1602 2149 Qui
1653 2088 1852 2131 autem

496 2149 597 2208 ille
626 2148 851 2210 senatus
882 2148 988 2209 fuit
1012 2148 1038 2209 ἓ
1073 2170 1250 2230 quum
1268 2195 1289 2224 ‚
1365 2168 1627 2211 eron-ante
1647 2151 1852 2231 Appio

497 2226 715 2301 Caeco,
743 2230 889 2312 pulsi
922 2250 1056 2291 cum
1091 2234 1312 2291 muneri
1355 2254 1420 2291 us
1451 2230 1560 2293 suis
1583 2232 1656 2291 ab
1685 2232 1850 2293 Urbe

492 2309 718 2392 legati,
768 2314 982 2371 interro
1095 2314 1142 2370 ti
1189 2315 1310 2393 regi
1364 2311 1462 2372 suo
1495 2356 1516 2384 ‚
1573 2312 1715 2392 quid
1774 2314 1846 2373 de

493 2388 749 2450 hostium
797 2390 931 2451 sede
1016 2394 1280 2451 entirent.
1346 2393 1540 2451 Urbem
1593 2392 1846 2473 templum

496 2473 603 2531 sibi
640 2471 815 2549 vifhm
836 2514 861 2541 ,
883 2470 1134 2548 ‚li-natum
1169 2492 1342 2553 regum
1381 2468 1667 2549 confiffum
1707 2472 1806 2550 eff&
1824 2518 1846 2545 ,

495 2548 927 2612 confiterentur.
966 2548 1094 2629 Qui
1129 2572 1307 2635 porro
1335 2554 1444 2633 ipsi
1483 2554 1657 2615 duces
1695 2553 1718 2612 ?
1751 2554 1845 2615 vel

493 2632 553 2690 in
597 2630 785 2691 castris
820 2632 843 2692 ?
877 2652 1058 2715 quum
1109 2632 1397 2694 medicum
1442 2634 1649 2695 venale
1693 2637 1844 2715 regis

492 2709 699 2793 Pyrrhi
752 2731 923 2795 caput
962 2710 1306 2777 offerentem
1347 2712 1558 2779 Curius
1575 2716 1846 2785 ,remisin
