2067 3667
469 309 756 380 Hlsr.
808 292 1112 381 liam
1162 310 1277 381 II.
1397 331 1533 404 147

176 437 326 509 quos
358 428 740 501 invitaverat,
763 426 986 509 majore
1062 446 1180 490 arte
1211 428 1537 492 aestivarum

177 509 613 591 expeditionum
641 555 660 581 ,
697 513 956 571 coenavit
1016 509 1195 571 edens
1228 534 1242 571 :
1285 532 1405 571 non
1448 510 1536 571 sei·

175 590 479 672 quentibus
507 589 862 672 disciplinam
890 634 910 664 ,
946 609 1230 673 quatenus
1260 592 1535 671 exemplo

177 690 298 731 non
333 671 647 731 nocebatur
671 716 690 744 ‚
729 674 954 754 ignovit
989 693 1004 731 ε
1050 673 1375 733 admonitio
1409 672 1558 734 fre-'

174 770 358 833 quens
397 754 622 824 inerat,
664 754 730 814 &
766 752 1059 835 castigatio
1093 800 1116 827 ,
1158 753 1405 815 vindicia
1442 775 1535 823 ra-

173 835 396 893 rissima
425 854 446 907 3
483 833 807 915 agebatque
839 836 1099 894 medium
1144 850 1149 853 “
1178 835 1382 895 lurima
1417 836 1538 895 dis-

175 914 493 975 simulantis
508 960 525 984 ,
549 915 738 996 aliqua
757 916 1090 975 inhibentis.
1178 936 1351 995 yems
1374 935 1539 979 emo-

173 994 496 1055 lumentum
588 996 750 1054 atrati
787 996 929 1057 belli
973 995 1215 1056 contulit
1252 1018 1265 1055 ε
1308 994 1408 1057 sed
1445 998 1553 1063 ἰῃο,

173 1074 438 1157 sequenti
469 1096 518 1133 ae
570 1092 662 1135 ate
700 1076 1209 1151 omnisPannonia
1230 1121 1248 1148 ,
1280 1076 1537 1158 reliquiis

175 1160 356 1216 totius
394 1154 534 1215 belli
573 1158 634 1215 in
671 1153 963 1215 Dalmatia
985 1156 1395 1230 'manentibu5‚
1432 1178 1539 1249 pa-

176 1256 311 1297 cem
346 1237 529 1317 petiit.
552 1235 836 1297 'Ferocem
865 1237 1023 1298 illam
1052 1254 1143 1298 tot
1171 1238 1414 1298 millium
1442 1260 1535 1317 Ju-

174 1322 480 1379 ventutem
511 1361 530 1387 ,
575 1317 750 1399 pauli>
797 1318 926 1379 ante
972 1317 1308 1379 servitutem
1346 1321 1538 1379 mina·-

179 1414 301 1459 tam
347 1396 526 1458 Italiae
564 1442 586 1473 ,
629 1396 1023 1460 conferentem
1074 1420 1232 1459 arma
1258 1444 1285 1473 ‚
1326 1401 1535 1482 quibus'

173 1477 272 1539 usa
297 1496 418 1539 erat
441 1524 461 1553 ,
497 1480 648 1561 apud
678 1479 896 1541 flumen
929 1483 1164 1541 nomine
1185 1481 1493 1543 Bathinum
1510 1524 1543 1573 't

173 1558 753 1643 prosternentemque
799 1560 858 1621 se
908 1562 1233 1623 universam
1292 1562 1534 1643 genibus

173 1643 537 1719 imperatoris
559 1685 579 1715 ,
613 1640 1015 1721 Batonemque
1053 1644 1118 1702 δί
1142 1641 1404 1701 Pinetem
1436 1642 1541 1705 eac-3

173 1720 526 1781 celsissimos
566 1720 742 1791 duces
765 1767 782 1791 ,
816 1740 1049 1802 captum
1080 1722 1322 1781 alterum
1345 1767 1364 1797 ,
1389 1722 1537 1781 alte-'

173 1820 306 1863 rum
345 1823 379 1861 a
404 1801 464 1861 se
503 1800 800 1873 deditum,
827 1800 986 1882 justis
1015 1802 1408 1865 'voluminibus
1436 1802 1536 1864 or-’

173 1883 310 1943 dine
348 1882 699 1943 narrabimus
718 1928 738 1957 ,
773 1900 836 1943 ut
871 1881 1055 1965 spero.
1086 1882 1385 1961 Autumno
1410 1884 1537 1945 vic:

173 1979 270 2023 tor
299 1965 359 2022 in
393 1964 659 2045 hyberna
689 1964 980 2033 reducitur
1015 1968 1298 2025 exercitus
1318 1986 1344 2039 3
1369 1962 1530 2045 cujus

175 2042 448 2103 omnibus
467 2046 652 2125 'copiis
675 2066 710 2103 a
735 2042 958 2105 Caesare
988 2044 1077 2104 M.
1102 2045 1357 2127 Lepidus
1385 2068 1533 2129 prae·

176 2120 358 2185 fectus
386 2121 502 2200 est,
534 2126 626 2186 vir
654 2126 902 2185 nominis
926 2148 994 2191 ac
1020 2124 1265 2185 fortunae
1298 2124 1535 2188 suorum

174 2206 477 2286 proximus
503 2224 520 2263 ε
557 2224 735 2287 quem
764 2206 824 2265 in
851 2216 1133 2289 quantum
1161 2205 1400 2288 quisque
1432 2224 1535 2267 aut.

175 2283 532 2367 cognoscere
568 2301 668 2345 aut
698 2285 1019 2367 intelligere
1056 2290 1279 2367 p'otuit,
1314 2290 1371 2346 in
1403 2288 1533 2350 tan-³

131 2402 135 2408 -
173 2382 303 2425 tum
339 2368 575 2428 miratur
607 2386 674 2426 ac
714 2366 939 2450 diligit„
975 2382 1382 2449 tantorumque
1420 2368 1533 2428 no?-

175 2448 399 2508 minum
421 2493 443 2523 ‚
487 2446 697 2529 quibus
731 2460 894 2525 'ortus
944 2446 1028 2509 est
1062 2492 1082 2521 ,
1113 2466 1529 2511 ornamentum

171 2524 407 2609 judicat.
749 2589 753 2593 ,
789 2570 793 2575 -
1184 2579 1201 2604 .·
1522 2546 1527 2554 ·

257 2605 480 2668 CXV.
519 2604 710 2669 Caesar
737 2608 810 2668 ad
841 2610 1079 2670 alteram
1113 2608 1254 2671 belli
1288 2608 1536 2689 Dalm&-

175 2688 276 2749 tici
307 2688 529 2749 molem
567 2692 816 2749 animum
846 2708 1016 2772 atque
1048 2712 1202 2750 arma
1246 2692 1486 2755 contulit
1506 2714 1529 2765 z,

177 2769 242 2831 in
278 2790 396 2853 qua
438 2770 676 2855 regione
715 2770 868 2854 quali
909 2769 1175 2859 adjutore
1180 2768 1525 2917 &eg-amque*

1280 2875 1322 2935 ¹1
1562 2880 1579 2895 =
