2067 3667
630 307 1077 376 LGzn
1173 305 1234 374 I.
1509 325 1679 400 29-

246 422 657 496 discoloribus,
676 421 1006 506 serpentum
1026 424 1085 483 in
1104 421 1347 484 modum
1366 466 1385 496 ‚
1405 422 1601 494 vittis,

247 506 439 567 furiali
468 526 631 567 more
666 503 1048 589 processerant
1079 526 1094 564 z
1126 503 1227 563 sed
1254 503 1478 564 habitus
1508 501 1607 564 ille

244 585 437 648 feralis
486 587 806 648 eversionis
856 605 1032 646 omen
1085 583 1215 645 fuit.
1265 583 1605 644 Veientium

330 685 461 728 anta
500 687 590 728 res
631 665 802 729 fuerit
825 707 843 738 ,
876 667 1093 725 indicat
1133 665 1404 726 decennis
1444 664 1606 724 obsi-

288 751 368 810 io.
405 747 573 809 Tunc
611 749 859 830 pximtun
902 748 1246 828 hyematum
1281 745 1382 805 sub
1471 746 1605 804 elli·-

246 828 353 890 bus
378 873 398 903 ,
443 845 632 890 taxata
676 827 965 910 stipendio
1004 827 1271 908 hyberna
1315 848 1330 885 t
1371 846 1404 885 a
1447 824 1603 885 aelus

244 910 417 970 miles
453 907 549 970 sua
588 908 791 988 sponte
830 905 1198 987 jurejurando
1227 950 1247 979 ‚
1290 907 1398 964 nisi
1436 927 1501 966 ca
1543 906 1605 964 ta

228 991 396 1048 -urbe
434 1009 556 1048 non
596 1007 871 1048 remeare.
914 984 1112 1066 Spolia
1149 985 1224 1045 de
1264 985 1435 1044 Larte
1532 1005 1604 1045 o-

246 1069 475 1132 lumnio
511 1085 649 1148 rege
684 1067 754 1126 ad
790 1065 1108 1126 Feretrium
1143 1081 1451 1145 reportata.
1475 1061 1608 1124 De·-

246 1149 427 1230 nique
458 1167 579 1207 non
615 1145 775 1206 scalis
794 1190 814 1216 ,
846 1166 955 1206 nec
986 1147 1304 1224 irruptione
1323 1187 1342 1216 ‚
1373 1143 1472 1203 sed
1499 1164 1605 1204 cu-

230 1227 450 1288 niculo
467 1273 487 1301 ,
518 1227 585 1288 &
609 1226 981 1287 subterraneis
1014 1227 1164 1286 dolis
1187 1223 1478 1306 peraflum
1506 1245 1604 1283 ur-

250 1308 345 1370 bis
382 1307 685 1369 excidium.
719 1306 803 1367 Ea
835 1307 1086 1390 denique
1121 1305 1240 1367 visa
1275 1304 1356 1366 est
1393 1305 1604 1386 praedae

248 1387 587 1471 magnitudo
615 1431 635 1461 ‚
674 1387 836 1466 cujus
883 1389 1124 1448 decimae
1171 1386 1434 1467 Apollini
1479 1385 1602 1465 Py-

248 1470 375 1530 thio
433 1471 795 1530 mitterentur
834 1491 855 1544 ;
898 1467 1304 1548 universusque
1353 1466 1603 1548 populus

248 1549 548 1610 Romanus
582 1551 656 1616 ad
691 1551 812 1610 dire
855 1551 1076 1610 tionem
1099 1548 1254 1608 urbis
1275 1564 1604 1606 vocaretur.

233 1629 387 1690 -Hoc
434 1646 573 1690 tunc
615 1629 751 1690 Veii
794 1573 955 1688 inruere
1005 1651 1021 1689 ς
1071 1647 1222 1687 nunc
1265 1623 1426 1686 fuisse
1473 1628 1603 1704 quis

250 1711 517 1772 meminit
542 1709 565 1770 ἓ
594 1727 722 1791 quae
755 1709 857 1768 reli
902 1711 1007 1768 uiae
1033 1706 1234 1790 ?quod
1257 1703 1606 1787 vestigium?

249 1789 504 1852 Laborat
540 1789 828 1851 annalium
912 1789 1013 1850 des
1049 1831 1070 1862 ,
1113 1805 1178 1849 ut
1219 1785 1402 1848 Veios
1445 1781 1606 1846 fuisse

250 1871 569 1936 credamus-

272 1997 1586 2074 —Qfisskffl-

238 2077 243 2084 ’
388 2153 393 2156 -
521 2124 963 2196 CAPUT
1061 2123 1338 2193 xlm.

418 2265 837 2320 BELLUM
908 2263 1461 2318 GALLICUM.

252 2387 463 2499 Hm
499 2436 620 2495 sive
656 2431 875 2493 invidia
908 2429 1084 2492 dessm
1108 2473 1134 2502 ,
1171 2432 1293 2490 sive
1324 2428 1444 2490 fato
1465 2473 1483 2502 ,
1521 2449 1609 2490 ra-

252 2513 581 2595 pidissimus
607 2515 991 2594 procurrentis
1022 2514 1252 2593 imperii
1281 2511 1471 2572 cursus
1503 2531 1606 2592 paa-

236 2611 491 2676 -rumper
556 2589 858 2654 Gallorum
922 2591 1220 2653 Senonum
1277 2593 1606 2654 incursione

238 2673 637 2755 supprimitur.
669 2671 858 2752 Quod
884 2688 1004 2731 tem
1052 2694 1116 2732 us
1189 2672 1367 2752 opulo
1392 2671 1608 2732 Roma-

252 2774 333 2816 no
360 2752 557 2816 nescio
584 2769 777 2814 utrum
808 2753 969 2813 clade
1059 2773 1131 2813 ne
1182 2755 1270 2812 ius
1294 2751 1464 2814 fuerit
1483 2797 1504 2829 ,
1531 2773 1605 2814 an

1268 2831 1391 2915 133
