2067 3667
499 288 634 361 116
733 286 802 360 C.
859 289 1123 357 VELL.
1172 286 1578 357 PATERC.

489 422 739 490 pugnata
764 450 783 479 ‚
821 404 999 467 Patrae
1033 420 1219 487 captae
1254 450 1275 480 ,
1310 401 1625 465 Corinthus
1659 409 1838 465 occu-i

533 507 624 548 ata
647 534 666 561 ,
697 488 786 547 bis
825 504 953 547 ante
989 486 1257 547 ultimum
1294 483 1599 545 discrimen
1642 483 1836 545 classis

533 568 744 629 ostium
783 567 842 629 su
888 582 1058 629 erata.
1100 566 1231 627 Rex
1273 564 1563 646 Amyntas
1599 565 1837 627 meliora

494 650 560 710 &
591 649 814 709 utiliora
870 664 1067 709 ecutus
1102 646 1130 729 (
1147 668 1281 714 nam
1303 645 1549 707 Deillius
1584 644 1837 726 exempli

489 728 576 789 sui
617 746 786 789 tenax
817 773 836 802 ,
870 745 932 788 ut
961 749 1001 795 ,a
1044 726 1361 788 Dolabella
1403 726 1477 786 ad
1519 724 1833 806 Cassium)

489 811 694 890 virque
717 810 1059 879 clarissimus
1078 805 1192 868 Cn.
1211 806 1502 867 Domitius
1520 852 1544 879 ,
1565 809 1665 889 qui
1686 805 1837 885 solus

491 889 946 951 Antonianarum
973 890 1220 970 partium
1248 908 1563 969 numquam
1584 890 1837 969 reginam

493 971 601 1033 nisi
637 971 870 1029 nomine
905 966 1166 1030 salutavit
1198 1013 1215 1043 ,
1248 970 1502 1029 maximo
1540 968 1605 1029 ὃ(
1640 968 1839 1048 praeci-

491 1052 599 1133 piti
675 1050 891 1110 ericulo
921 1048 1223 1110 transmisit
1256 1049 1329 1109 ad
1360 1044 1663 1109 Caesarem.

577 1129 626 1191 L
705 1130 916 1192 XXV.
947 1130 1209 1190 Advenit
1236 1130 1445 1190 deinde
1474 1130 1704 1189 maximi
1727 1126 1839 1189 dis-

493 1212 743 1281 criminis
777 1210 898 1269 dies
923 1254 942 1281 ,
1015 1232 1095 1271 uo
1125 1208 1311 1271 Caesar
1334 1253 1355 1284 ,
1392 1208 1791 1291 Antoniusque
1817 1254 1841 1284 ,

492 1290 784 1373 produffls
825 1233 1094 1351 classibus
1123 1335 1142 1364 ,
1186 1312 1293 1372 pro
1334 1289 1505 1351 salute
1549 1289 1691 1351 alter
1718 1334 1737 1364 ,
1779 1292 1840 1349 in

493 1373 712 1432 ruinam
759 1370 900 1429 alter
947 1388 1225 1430 terrarum
1270 1371 1425 1431 orbis
1472 1371 1839 1432 dimicavere.

493 1449 788 1513 Dextrum
806 1453 1042 1511 navium
1068 1451 1410 1513 Iulianarum
1429 1473 1607 1511 cornu
1630 1451 1716 1527 Μ.
1734 1452 1841 1511 Lu-

495 1532 586 1591 rio
607 1530 966 1593 commissum
979 1576 999 1604 ‚
1021 1532 1233 1593 laevum
1260 1532 1505 1593 Aruntio
1523 1576 1542 1605 ‚
1564 1531 1841 1614 Agrippae

495 1632 672 1673 omne
705 1613 922 1673 classici
959 1615 1276 1673 certaminis
1312 1613 1626 1673 arbitrium.
1650 1610 1843 1673 Caesar

494 1695 552 1763 ei
581 1695 732 1774 parti
759 1692 1103 1766 destinatus,
1132 1695 1191 1752 in
1220 1715 1391 1776 quam
1424 1715 1457 1753 a
1484 1693 1713 1755 fortuna
1734 1714 1842 1771 νοῇ

494 1791 715 1835 caretur
741 1818 763 1844 ,
803 1773 895 1833 ubi
982 1795 1013 1833 e
1064 1774 1263 1836 aderat
1310 1796 1324 1833 :
1368 1773 1557 1836 classis
1594 1774 1840 1835 Antonii

493 1857 757 1934 regimen
790 1854 912 1915 Pub
937 1853 1101 1913 icolae
1142 1853 1429 1937 Sosioque
1464 1852 1838 1915 commissum.

495 1933 580 1995 At
633 1936 692 1991 in
746 1952 894 1994 terra
941 1933 1192 1993 locatum
1254 1938 1569 1995 exercitum
1615 1932 1840 1994 Taurus

493 2012 736 2075 -Caesaris
760 2059 782 2085 ,
825 2014 1067 2074 Antonii
1110 2016 1343 2096 regebat
1382 2014 1674 2077 Canidius·
1706 2015 1839 2078 >Ubi

495 2096 701 2155 initum
721 2112 1007 2155 certamen
1041 2094 1121 2154 est
1144 2139 1161 2169 ,
1190 2098 1384 2155 omnia
1406 2098 1463 2155 in
1487 2097 1659 2156 altera
1677 2114 1840 2176 parte

497 2173 658 2235 fuere
685 2220 705 2247 ‚
741 2176 853 2237 dux
883 2218 904 2249 ‚
938 2178 1183 2257 remiges
1209 2219 1229 2250 ‚
1266 2177 1476 2237 milites
1508 2198 1526 2249 ;
1561 2180 1617 2236 in
1668 2176 1841 2235 altera

495 2255 635 2315 nihil
656 2272 864 2337 praeter
889 2255 1097 2316 milites
1125 2277 1141 2314 t
1168 2258 1354 2336 prima
1384 2274 1625 2337 occupat
1647 2254 1841 2337 fugam

498 2333 813 2417 Cleopatra
845 2357 864 2409 ;
919 2335 1207 2396 Antonius
1263 2336 1325 2395 fu
1365 2339 1529 2396 ientis
1576 2337 1787 2417 reginae
1821 2382 1842 2408 ,

499 2416 670 2495 quam
715 2438 792 2497 pu
835 2419 1016 2475 nantis
1058 2415 1251 2476 militis
1300 2358 1381 2475 [ἕί
1414 2461 1433 2488 ,
1478 2436 1678 2475 comes
1729 2415 1841 2477 esse

500 2496 702 2555 maluit
739 2516 758 2567 ;
795 2436 858 2556 ἕ(
898 2498 1209 2575 imperator
1233 2538 1254 2565 ‚
1288 2496 1385 2576 qui
1414 2498 1473 2555 in
1520 2494 1841 2557 desertores

499 2572 698 2637 saevire
749 2575 1022 2636 debuerat
1059 2621 1078 2649 ‚
1126 2573 1383 2639 desertor
1432 2576 1713 2637 exercitiis
1760 2576 1839 2637 sui

499 2654 678 2725 faftus
716 2654 814 2717 est.
847 2654 968 2717 Illis
1004 2658 1176 2717 etiam
1199 2702 1218 2731 ,
1245 2656 1497 2717 detraEto
1531 2659 1716 2739 capite
1738 2700 1757 2726 ,
1781 2660 1837 2715 in

499 2736 740 2819 longum
772 2736 1082 2801 fortissime
1122 2738 1413 2823 pugnandi
1444 2738 1669 2804 duravit
1701 2757 1839 2797 con-
