<?xml version="1.0" encoding="UTF-8"?>
<!DOCTYPE html PUBLIC "-//W3C//DTD XHTML 1.0 Transitional//EN"
    "http://www.w3.org/TR/xhtml1/DTD/xhtml1-transitional.dtd">
<html xmlns="http://www.w3.org/1999/xhtml" xml:lang="en" lang="en">
 <head>
  <title>
</title>
<meta http-equiv="Content-Type" content="text/html;charset=utf-8" />
  <meta name='ocr-system' content='tesseract 3.04.00' />
  <meta name='ocr-capabilities' content='ocr_page ocr_carea ocr_par ocr_line ocrx_word'/>
</head>
<body>
  <div class='ocr_page' id='page_1' title='image "./caiivelleiipate00lallgoog_0271.png"; bbox 0 0 2067 3667; ppageno 0'>
   <div class='ocr_carea' id='block_1_1' title="bbox 598 284 1616 386">
    <p class='ocr_par' dir='ltr' id='par_1_1' title="bbox 598 284 1616 386">
     <span class='ocr_line' id='line_1_1' title="bbox 598 284 1616 386; baseline 0.002 -27"><span class='ocrx_word' id='word_1_1' title='bbox 598 289 1053 361; x_wconf 55' lang='lat'>1213212-</span> <span class='ocrx_word' id='word_1_2' title='bbox 1143 285 1270 361; x_wconf 83' lang='lat' dir='ltr'>II.</span> <span class='ocrx_word' id='word_1_3' title='bbox 1455 284 1616 386; x_wconf 54' lang='lat'>‘8&#39;32</span> 
     </span>
    </p>
   </div>
   <div class='ocr_carea' id='block_1_2' title="bbox 240 405 1710 2742">
    <p class='ocr_par' dir='ltr' id='par_1_2' title="bbox 240 405 1710 2742">
     <span class='ocr_line' id='line_1_2' title="bbox 258 405 1623 491; baseline 0.001 -21"><span class='ocrx_word' id='word_1_4' title='bbox 258 405 435 491; x_wconf 79' lang='lat' dir='ltr'>elegit</span> <span class='ocrx_word' id='word_1_5' title='bbox 466 451 488 483; x_wconf 70' lang='lat'>5</span> <span class='ocrx_word' id='word_1_6' title='bbox 526 425 590 469; x_wconf 88' lang='lat' dir='ltr'>ut</span> <span class='ocrx_word' id='word_1_7' title='bbox 633 409 767 470; x_wconf 80' lang='lat' dir='ltr'>urbs</span> <span class='ocrx_word' id='word_1_8' title='bbox 810 411 1031 470; x_wconf 68' lang='lat' dir='ltr'>tantum</span> <span class='ocrx_word' id='word_1_9' title='bbox 1075 409 1212 469; x_wconf 87' lang='lat' dir='ltr'>loco</span> <span class='ocrx_word' id='word_1_10' title='bbox 1261 423 1623 471; x_wconf 76' lang='lat' dir='ltr'>moveretur.&#39;</span> 
     </span>
     <span class='ocr_line' id='line_1_3' title="bbox 256 487 1710 572; baseline -0.001 -22"><span class='ocrx_word' id='word_1_11' title='bbox 256 489 424 550; x_wconf 83' lang='lat' dir='ltr'>Nihil</span> <span class='ocrx_word' id='word_1_12' title='bbox 444 493 599 550; x_wconf 90' lang='lat' dir='ltr'>enim</span> <span class='ocrx_word' id='word_1_13' title='bbox 620 489 932 572; x_wconf 83' lang='lat' dir='ltr'>speciosius</span> <span class='ocrx_word' id='word_1_14' title='bbox 950 490 1285 560; x_wconf 86' lang='lat' dir='ltr'>videbatur,</span> <span class='ocrx_word' id='word_1_15' title='bbox 1310 487 1483 572; x_wconf 69' lang='lat' dir='ltr'>quam</span> <span class='ocrx_word' id='word_1_16' title='bbox 1506 487 1623 549; x_wconf 78' lang='lat' dir='ltr'>effe</span> <span class='ocrx_word' id='word_1_17' title='bbox 1695 561 1710 568; x_wconf 66' lang='lat'><em>,</em></span> 
     </span>
     <span class='ocr_line' id='line_1_4' title="bbox 257 567 1622 654; baseline -0.002 -22"><span class='ocrx_word' id='word_1_18' title='bbox 257 567 671 654; x_wconf 77' lang='lat' dir='ltr'>Carthaginem</span> <span class='ocrx_word' id='word_1_19' title='bbox 690 615 715 642; x_wconf 89' lang='lat'>,</span> <span class='ocrx_word' id='word_1_20' title='bbox 747 591 875 652; x_wconf 83' lang='lat' dir='ltr'>quae</span> <span class='ocrx_word' id='word_1_21' title='bbox 910 590 1031 631; x_wconf 89' lang='lat' dir='ltr'>non</span> <span class='ocrx_word' id='word_1_22' title='bbox 1073 573 1387 630; x_wconf 84' lang='lat' dir='ltr'>timeretur.</span> <span class='ocrx_word' id='word_1_23' title='bbox 1433 569 1622 652; x_wconf 80' lang='lat' dir='ltr'>Igitur</span> 
     </span>
     <span class='ocr_line' id='line_1_5' title="bbox 254 649 1620 732; baseline -0.001 -21"><span class='ocrx_word' id='word_1_24' title='bbox 254 650 507 712; x_wconf 84' lang='lat' dir='ltr'>Manilio</span> <span class='ocrx_word' id='word_1_25' title='bbox 544 649 869 712; x_wconf 86' lang='lat' dir='ltr'>Censorino</span> <span class='ocrx_word' id='word_1_26' title='bbox 912 670 985 710; x_wconf 92' lang='lat' dir='ltr'>ue</span> <span class='ocrx_word' id='word_1_27' title='bbox 1024 649 1384 721; x_wconf 86' lang='lat' dir='ltr'>consulibus,</span> <span class='ocrx_word' id='word_1_28' title='bbox 1422 671 1620 732; x_wconf 82' lang='lat' dir='ltr'>popu·</span> 
     </span>
     <span class='ocr_line' id='line_1_6' title="bbox 252 673 1618 816; baseline 0.001 -25"><span class='ocrx_word' id='word_1_29' title='bbox 252 732 339 792; x_wconf 83' lang='lat' dir='ltr'>Ius</span> <span class='ocrx_word' id='word_1_30' title='bbox 374 732 671 793; x_wconf 84' lang='lat' dir='ltr'>Romanus</span> <span class='ocrx_word' id='word_1_31' title='bbox 696 673 995 816; x_wconf 27' lang='lat' dir='ltr'>„aggre‘ll&#39;us</span> <span class='ocrx_word' id='word_1_32' title='bbox 1030 729 1441 814; x_wconf 82' lang='lat' dir='ltr'>Carthaginem</span> <span class='ocrx_word' id='word_1_33' title='bbox 1463 775 1483 804; x_wconf 90' lang='lat'>‚</span> <span class='ocrx_word' id='word_1_34' title='bbox 1511 729 1618 812; x_wconf 81' lang='lat' dir='ltr'>spe</span> 
     </span>
     <span class='ocr_line' id='line_1_7' title="bbox 248 810 1619 952; baseline -0.001 -80"><span class='ocrx_word' id='word_1_35' title='bbox 248 816 411 952; x_wconf 62' lang='lat' dir='ltr'>pacis</span> <span class='ocrx_word' id='word_1_36' title='bbox 450 813 693 892; x_wconf 68' lang='grc' dir='ltr'>ἰιιῇεᾶἓι,</span> <span class='ocrx_word' id='word_1_37' title='bbox 724 814 993 874; x_wconf 83' lang='lat' dir='ltr'>traditam</span> <span class='ocrx_word' id='word_1_38' title='bbox 1029 833 1064 872; x_wconf 83' lang='lat' dir='ltr'>a</span> <span class='ocrx_word' id='word_1_39' title='bbox 1098 813 1434 873; x_wconf 86' lang='lat' dir='ltr'>volentibus</span> <span class='ocrx_word' id='word_1_40' title='bbox 1471 810 1619 872; x_wconf 81' lang='lat' dir='ltr'>clas·-</span> 
     </span>
     <span class='ocr_line' id='line_1_8' title="bbox 276 891 1615 976; baseline -0.001 -22"><span class='ocrx_word' id='word_1_41' title='bbox 276 915 373 954; x_wconf 87' lang='lat' dir='ltr'>em</span> <span class='ocrx_word' id='word_1_42' title='bbox 426 892 526 954; x_wconf 78' lang='lat' dir='ltr'>sub</span> <span class='ocrx_word' id='word_1_43' title='bbox 574 893 701 976; x_wconf 89' lang='lat' dir='ltr'>ipso</span> <span class='ocrx_word' id='word_1_44' title='bbox 756 915 859 954; x_wconf 90' lang='lat' dir='ltr'>ore</span> <span class='ocrx_word' id='word_1_45' title='bbox 908 892 1068 953; x_wconf 80' lang='lat' dir='ltr'>urbis</span> <span class='ocrx_word' id='word_1_46' title='bbox 1123 893 1414 960; x_wconf 56' lang='lat' dir='ltr'>incendit„</span> <span class='ocrx_word' id='word_1_47' title='bbox 1452 891 1615 953; x_wconf 86' lang='lat' dir='ltr'>Tum</span> 
     </span>
     <span class='ocr_line' id='line_1_9' title="bbox 250 971 1610 1054; baseline -0.003 -19"><span class='ocrx_word' id='word_1_48' title='bbox 250 976 509 1035; x_wconf 84' lang='lat' dir='ltr'>evocatis</span> <span class='ocrx_word' id='word_1_49' title='bbox 540 976 718 1054; x_wconf 83' lang='lat' dir='ltr'>princi</span> <span class='ocrx_word' id='word_1_50' title='bbox 762 976 888 1034; x_wconf 86' lang='lat' dir='ltr'>&#39;bus</span> <span class='ocrx_word' id='word_1_51' title='bbox 910 1017 929 1046; x_wconf 86' lang='lat'><strong>,</strong></span> <span class='ocrx_word' id='word_1_52' title='bbox 958 975 1005 1033; x_wconf 85' lang='lat' dir='ltr'>si</span> <span class='ocrx_word' id='word_1_53' title='bbox 1037 971 1174 1034; x_wconf 85' lang='lat' dir='ltr'>salvi</span> <span class='ocrx_word' id='word_1_54' title='bbox 1211 971 1321 1033; x_wconf 85' lang='lat' dir='ltr'>ess&#39;e</span> <span class='ocrx_word' id='word_1_55' title='bbox 1351 972 1610 1047; x_wconf 83' lang='lat' dir='ltr'>vellent,</span> 
     </span>
     <span class='ocr_line' id='line_1_10' title="bbox 248 1051 1616 1136; baseline -0.001 -23"><span class='ocrx_word' id='word_1_56' title='bbox 248 1069 313 1114; x_wconf 86' lang='lat' dir='ltr'>ut</span> <span class='ocrx_word' id='word_1_57' title='bbox 347 1056 661 1136; x_wconf 83' lang='lat' dir='ltr'>migrarent</span> <span class='ocrx_word' id='word_1_58' title='bbox 746 1055 909 1114; x_wconf 85' lang='lat' dir='ltr'>nibus</span> <span class='ocrx_word' id='word_1_59' title='bbox 934 1098 955 1126; x_wconf 86' lang='lat'>‚</span> <span class='ocrx_word' id='word_1_60' title='bbox 998 1054 1365 1134; x_wconf 83' lang='lat' dir='ltr'>imperatum.</span> <span class='ocrx_word' id='word_1_61' title='bbox 1420 1051 1616 1132; x_wconf 73' lang='lat' dir='ltr'>Quod</span> 
     </span>
     <span class='ocr_line' id='line_1_11' title="bbox 250 1133 1614 1215; baseline -0.001 -22"><span class='ocrx_word' id='word_1_62' title='bbox 250 1153 361 1215; x_wconf 82' lang='lat' dir='ltr'>pro</span> <span class='ocrx_word' id='word_1_63' title='bbox 414 1137 499 1194; x_wconf 90' lang='lat' dir='ltr'>rei</span> <span class='ocrx_word' id='word_1_64' title='bbox 552 1137 847 1194; x_wconf 83' lang='lat' dir='ltr'>atrocitate</span> <span class='ocrx_word' id='word_1_65' title='bbox 900 1133 1052 1193; x_wconf 88' lang='lat' dir='ltr'>adeo</span> <span class='ocrx_word' id='word_1_66' title='bbox 1103 1136 1294 1194; x_wconf 84' lang='lat' dir='ltr'>movit</span> <span class='ocrx_word' id='word_1_67' title='bbox 1327 1134 1449 1191; x_wconf 70' lang='lat' dir='ltr'>iras</span> <span class='ocrx_word' id='word_1_68' title='bbox 1477 1179 1497 1206; x_wconf 92' lang='lat'>,</span> <span class='ocrx_word' id='word_1_69' title='bbox 1545 1149 1614 1192; x_wconf 82' lang='lat' dir='ltr'>ut</span> 
     </span>
     <span class='ocr_line' id='line_1_12' title="bbox 250 1213 1608 1297; baseline 0 -23"><span class='ocrx_word' id='word_1_70' title='bbox 250 1232 510 1274; x_wconf 83' lang='lat' dir='ltr'>extrema</span> <span class='ocrx_word' id='word_1_71' title='bbox 534 1215 791 1276; x_wconf 84' lang='lat' dir='ltr'>mallent.</span> <span class='ocrx_word' id='word_1_72' title='bbox 822 1213 1283 1295; x_wconf 84' lang='lat' dir='ltr'>Comploratum·</span> <span class='ocrx_word' id='word_1_73' title='bbox 1300 1213 1469 1297; x_wconf 80' lang='lat' dir='ltr'>igitur</span> <span class='ocrx_word' id='word_1_74' title='bbox 1499 1219 1608 1294; x_wconf 55' lang='lat' dir='ltr'>pud</span> 
     </span>
     <span class='ocr_line' id='line_1_13' title="bbox 250 1291 1605 1376; baseline 0 -22"><span class='ocrx_word' id='word_1_75' title='bbox 250 1295 403 1355; x_wconf 67' lang='lat' dir='ltr'>blice</span> <span class='ocrx_word' id='word_1_76' title='bbox 435 1293 622 1356; x_wconf 82' lang='lat' dir='ltr'>statim</span> <span class='ocrx_word' id='word_1_77' title='bbox 639 1339 666 1368; x_wconf 70' lang='lat' dir='ltr'><em>s</em></span> <span class='ocrx_word' id='word_1_78' title='bbox 698 1296 763 1356; x_wconf 87' lang='lat'>&amp;</span> <span class='ocrx_word' id='word_1_79' title='bbox 798 1296 925 1376; x_wconf 85' lang='lat' dir='ltr'>pari</span> <span class='ocrx_word' id='word_1_80' title='bbox 954 1315 1112 1354; x_wconf 84' lang='lat' dir='ltr'>voce</span> <span class='ocrx_word' id='word_1_81' title='bbox 1143 1295 1448 1355; x_wconf 84' lang='lat' dir='ltr'>clamatum</span> <span class='ocrx_word' id='word_1_82' title='bbox 1482 1291 1605 1369; x_wconf 83' lang='lat' dir='ltr'>est,</span> 
     </span>
     <span class='ocr_line' id='line_1_14' title="bbox 248 1373 1613 1458; baseline 0 -24"><span class='ocrx_word' id='word_1_83' title='bbox 248 1375 349 1435; x_wconf 86' lang='lat' dir='ltr'>Ad</span> <span class='ocrx_word' id='word_1_84' title='bbox 365 1397 551 1436; x_wconf 86' lang='lat' dir='ltr'>arma:</span> <span class='ocrx_word' id='word_1_85' title='bbox 572 1373 837 1458; x_wconf 85' lang='lat' dir='ltr'>seditque·</span> <span class='ocrx_word' id='word_1_86' title='bbox 850 1373 1150 1446; x_wconf 77' lang='lat' dir='ltr'>sententia,</span> <span class='ocrx_word' id='word_1_87' title='bbox 1165 1395 1405 1458; x_wconf 85' lang='lat' dir='ltr'>quoquo</span> <span class='ocrx_word' id='word_1_88' title='bbox 1423 1374 1613 1436; x_wconf 84' lang='lat' dir='ltr'>modo</span> 
     </span>
     <span class='ocr_line' id='line_1_15' title="bbox 245 1453 1608 1538; baseline 0 -23"><span class='ocrx_word' id='word_1_89' title='bbox 245 1456 687 1530; x_wconf 83' lang='lat' dir='ltr'>rebellandum,</span> <span class='ocrx_word' id='word_1_90' title='bbox 719 1475 850 1517; x_wconf 69' lang='lat' dir='ltr'>non*-</span> <span class='ocrx_word' id='word_1_91' title='bbox 878 1459 1011 1538; x_wconf 86' lang='lat' dir='ltr'>quia</span> <span class='ocrx_word' id='word_1_92' title='bbox 1045 1456 1172 1536; x_wconf 87' lang='lat' dir='ltr'>spes</span> <span class='ocrx_word' id='word_1_93' title='bbox 1210 1455 1332 1516; x_wconf 70' lang='lat' dir='ltr'>ulla</span> <span class='ocrx_word' id='word_1_94' title='bbox 1355 1454 1474 1536; x_wconf 78' lang='lat' dir='ltr'>jam</span> <span class='ocrx_word' id='word_1_95' title='bbox 1513 1453 1608 1515; x_wconf 84' lang='lat' dir='ltr'>su·</span> 
     </span>
     <span class='ocr_line' id='line_1_16' title="bbox 246 1534 1612 1618; baseline -0.003 -20"><span class='ocrx_word' id='word_1_96' title='bbox 246 1535 493 1618; x_wconf 77' lang='lat' dir='ltr'>petesset</span> <span class='ocrx_word' id='word_1_97' title='bbox 512 1581 537 1610; x_wconf 88' lang='lat'><em>,</em></span> <span class='ocrx_word' id='word_1_98' title='bbox 572 1536 671 1598; x_wconf 88' lang='lat' dir='ltr'>sed</span> <span class='ocrx_word' id='word_1_99' title='bbox 717 1540 857 1618; x_wconf 80' lang='lat' dir='ltr'>quia·</span> <span class='ocrx_word' id='word_1_100' title='bbox 888 1537 1136 1618; x_wconf 86' lang='lat' dir='ltr'>patriam</span> <span class='ocrx_word' id='word_1_101' title='bbox 1173 1535 1330 1596; x_wconf 84' lang='lat' dir='ltr'>suam</span> <span class='ocrx_word' id='word_1_102' title='bbox 1370 1534 1612 1594; x_wconf 86' lang='lat' dir='ltr'>mallent</span> 
     </span>
     <span class='ocr_line' id='line_1_17' title="bbox 247 1611 1608 1698; baseline -0.004 -20"><span class='ocrx_word' id='word_1_103' title='bbox 247 1616 502 1678; x_wconf 81' lang='lat' dir='ltr'>hostium</span> <span class='ocrx_word' id='word_1_104' title='bbox 520 1661 540 1692; x_wconf 93' lang='lat'><strong><em>‚</em></strong></span> <span class='ocrx_word' id='word_1_105' title='bbox 564 1637 741 1698; x_wconf 83' lang='lat' dir='ltr'>quam</span> <span class='ocrx_word' id='word_1_106' title='bbox 766 1616 876 1675; x_wconf 88' lang='lat' dir='ltr'>suis</span> <span class='ocrx_word' id='word_1_107' title='bbox 900 1660 919 1686; x_wconf 85' lang='lat'>‚</span> <span class='ocrx_word' id='word_1_108' title='bbox 952 1615 1215 1674; x_wconf 85' lang='lat' dir='ltr'>manibus</span> <span class='ocrx_word' id='word_1_109' title='bbox 1249 1617 1452 1675; x_wconf 76' lang='lat' dir='ltr'>everti.</span> <span class='ocrx_word' id='word_1_110' title='bbox 1481 1611 1608 1692; x_wconf 80' lang='lat' dir='ltr'>Qui</span> 
     </span>
     <span class='ocr_line' id='line_1_18' title="bbox 249 1693 1606 1774; baseline -0.001 -19"><span class='ocrx_word' id='word_1_111' title='bbox 249 1699 654 1758; x_wconf 78' lang='lat' dir='ltr'>rebellantium</span> <span class='ocrx_word' id='word_1_112' title='bbox 692 1695 863 1756; x_wconf 82' lang='lat' dir='ltr'>fuerit</span> <span class='ocrx_word' id='word_1_113' title='bbox 895 1695 1093 1774; x_wconf 77' lang='lat' dir='ltr'>furor,</span> <span class='ocrx_word' id='word_1_114' title='bbox 1141 1693 1239 1756; x_wconf 85' lang='lat' dir='ltr'>vel</span> <span class='ocrx_word' id='word_1_115' title='bbox 1268 1695 1402 1756; x_wconf 85' lang='lat' dir='ltr'>hinc</span> <span class='ocrx_word' id='word_1_116' title='bbox 1431 1694 1606 1770; x_wconf 63' lang='lat' dir='ltr'>intel-7</span> 
     </span>
     <span class='ocr_line' id='line_1_19' title="bbox 246 1774 1603 1860; baseline -0.001 -24"><span class='ocrx_word' id='word_1_117' title='bbox 246 1777 346 1860; x_wconf 87' lang='lat' dir='ltr'>ligi</span> <span class='ocrx_word' id='word_1_118' title='bbox 389 1775 581 1859; x_wconf 85' lang='lat' dir='ltr'>potest</span> <span class='ocrx_word' id='word_1_119' title='bbox 610 1823 630 1850; x_wconf 93' lang='lat'>‚</span> <span class='ocrx_word' id='word_1_120' title='bbox 672 1776 831 1857; x_wconf 75' lang='lat' dir='ltr'>quod</span> <span class='ocrx_word' id='word_1_121' title='bbox 881 1778 937 1834; x_wconf 89' lang='lat' dir='ltr'>in</span> <span class='ocrx_word' id='word_1_122' title='bbox 980 1774 1144 1836; x_wconf 85' lang='lat' dir='ltr'>nsum</span> <span class='ocrx_word' id='word_1_123' title='bbox 1189 1797 1363 1837; x_wconf 83' lang='lat' dir='ltr'>novae</span> <span class='ocrx_word' id='word_1_124' title='bbox 1407 1775 1603 1837; x_wconf 80' lang='lat' dir='ltr'>classis</span> 
     </span>
     <span class='ocr_line' id='line_1_20' title="bbox 246 1854 1602 1938; baseline -0.003 -20"><span class='ocrx_word' id='word_1_125' title='bbox 246 1857 397 1918; x_wconf 66' lang='lat' dir='ltr'>testa</span> <span class='ocrx_word' id='word_1_126' title='bbox 433 1855 753 1938; x_wconf 89' lang='lat' dir='ltr'>domusque</span> <span class='ocrx_word' id='word_1_127' title='bbox 788 1854 1134 1916; x_wconf 87' lang='lat' dir='ltr'>resciderunt</span> <span class='ocrx_word' id='word_1_128' title='bbox 1167 1859 1270 1930; x_wconf 86' lang='lat' dir='ltr'>;in</span> <span class='ocrx_word' id='word_1_129' title='bbox 1307 1876 1602 1916; x_wconf 84' lang='lat' dir='ltr'>armorum</span> 
     </span>
     <span class='ocr_line' id='line_1_21' title="bbox 245 1936 1604 2019; baseline -0.001 -21"><span class='ocrx_word' id='word_1_130' title='bbox 245 1937 493 1999; x_wconf 78' lang='lat' dir='ltr'>officinis</span> <span class='ocrx_word' id='word_1_131' title='bbox 526 1959 726 1998; x_wconf 87' lang='lat' dir='ltr'>aurum</span> <span class='ocrx_word' id='word_1_132' title='bbox 762 1939 825 1998; x_wconf 88' lang='lat'>&amp;</span> <span class='ocrx_word' id='word_1_133' title='bbox 859 1955 1157 2019; x_wconf 86' lang='lat' dir='ltr'>argentum</span> <span class='ocrx_word' id='word_1_134' title='bbox 1191 1959 1301 2018; x_wconf 88' lang='lat' dir='ltr'>pro</span> <span class='ocrx_word' id='word_1_135' title='bbox 1341 1957 1456 1996; x_wconf 84' lang='lat' dir='ltr'>aere</span> <span class='ocrx_word' id='word_1_136' title='bbox 1487 1936 1604 2005; x_wconf 74' lang='lat' dir='ltr'>fer-</span> 
     </span>
     <span class='ocr_line' id='line_1_22' title="bbox 246 2017 1602 2102; baseline -0.003 -23"><span class='ocrx_word' id='word_1_137' title='bbox 246 2041 429 2102; x_wconf 79' lang='lat' dir='ltr'>roque</span> <span class='ocrx_word' id='word_1_138' title='bbox 480 2019 792 2080; x_wconf 86' lang='lat' dir='ltr'>conflatum</span> <span class='ocrx_word' id='word_1_139' title='bbox 847 2017 929 2078; x_wconf 87' lang='lat' dir='ltr'>est</span> <span class='ocrx_word' id='word_1_140' title='bbox 986 2035 1015 2092; x_wconf 61' lang='grc' dir='ltr'><strong><em>ς</em></strong></span> <span class='ocrx_word' id='word_1_141' title='bbox 1058 2021 1116 2077; x_wconf 84' lang='lat' dir='ltr'>in</span> <span class='ocrx_word' id='word_1_142' title='bbox 1174 2034 1602 2078; x_wconf 84' lang='lat' dir='ltr'>tormentorum</span> 
     </span>
     <span class='ocr_line' id='line_1_23' title="bbox 245 2097 1603 2160; baseline -0.002 0"><span class='ocrx_word' id='word_1_143' title='bbox 245 2099 477 2160; x_wconf 77' lang='lat' dir='ltr'>vincula</span> <span class='ocrx_word' id='word_1_144' title='bbox 512 2117 786 2160; x_wconf 69' lang='lat' dir='ltr'>matronae</span> <span class='ocrx_word' id='word_1_145' title='bbox 824 2100 1009 2158; x_wconf 79' lang='lat' dir='ltr'>crines</span> <span class='ocrx_word' id='word_1_146' title='bbox 1045 2097 1174 2158; x_wconf 87' lang='lat' dir='ltr'>suos</span> <span class='ocrx_word' id='word_1_147' title='bbox 1219 2097 1603 2158; x_wconf 85' lang='lat' dir='ltr'>contulerunt.</span> 
     </span>
     <span class='ocr_line' id='line_1_24' title="bbox 245 2174 1604 2259; baseline -0.003 -19"><span class='ocrx_word' id='word_1_148' title='bbox 245 2178 528 2240; x_wconf 86' lang='lat' dir='ltr'>Mancino</span> <span class='ocrx_word' id='word_1_149' title='bbox 572 2181 791 2240; x_wconf 77' lang='lat' dir='ltr'>deinde·</span> <span class='ocrx_word' id='word_1_150' title='bbox 822 2174 1054 2238; x_wconf 82' lang='lat' dir='ltr'>consule</span> <span class='ocrx_word' id='word_1_151' title='bbox 1079 2216 1110 2250; x_wconf 88' lang='lat'>,-</span> <span class='ocrx_word' id='word_1_152' title='bbox 1143 2179 1294 2240; x_wconf 62' lang='lat' dir='ltr'>terra</span> <span class='ocrx_word' id='word_1_153' title='bbox 1338 2179 1604 2259; x_wconf 69' lang='lat' dir='ltr'>marique</span> 
     </span>
     <span class='ocr_line' id='line_1_25' title="bbox 245 2256 1602 2340; baseline -0.005 -18"><span class='ocrx_word' id='word_1_154' title='bbox 245 2260 511 2323; x_wconf 65' lang='lat' dir='ltr'>fervebat</span> <span class='ocrx_word' id='word_1_155' title='bbox 548 2260 799 2322; x_wconf 82' lang='lat' dir='ltr'>obsidio.</span> <span class='ocrx_word' id='word_1_156' title='bbox 830 2256 1051 2340; x_wconf 86' lang='lat' dir='ltr'>Operis</span> <span class='ocrx_word' id='word_1_157' title='bbox 1087 2276 1288 2340; x_wconf 85' lang='lat' dir='ltr'>portus</span> <span class='ocrx_word' id='word_1_158' title='bbox 1315 2257 1602 2331; x_wconf 84' lang='lat' dir='ltr'>nudatus;</span> 
     </span>
     <span class='ocr_line' id='line_1_26' title="bbox 246 2338 1608 2424; baseline -0.001 -20"><span class='ocrx_word' id='word_1_159' title='bbox 246 2345 310 2404; x_wconf 87' lang='lat'>&amp;</span> <span class='ocrx_word' id='word_1_160' title='bbox 359 2344 576 2424; x_wconf 86' lang='lat' dir='ltr'>primus</span> <span class='ocrx_word' id='word_1_161' title='bbox 605 2385 631 2416; x_wconf 68' lang='lat'><em>5</em></span> <span class='ocrx_word' id='word_1_162' title='bbox 667 2341 733 2402; x_wconf 70' lang='grc' dir='ltr'>δε</span> <span class='ocrx_word' id='word_1_163' title='bbox 784 2338 1026 2421; x_wconf 83' lang='lat' dir='ltr'>sequens</span> <span class='ocrx_word' id='word_1_164' title='bbox 1064 2384 1079 2407; x_wconf 94' lang='lat'><em>,</em></span> <span class='ocrx_word' id='word_1_165' title='bbox 1129 2340 1244 2418; x_wconf 82' lang='lat' dir='ltr'>jam</span> <span class='ocrx_word' id='word_1_166' title='bbox 1293 2339 1359 2400; x_wconf 69' lang='grc' dir='ltr'>ἃ.</span> <span class='ocrx_word' id='word_1_167' title='bbox 1401 2339 1608 2402; x_wconf 81' lang='lat' dir='ltr'>tertius</span> 
     </span>
     <span class='ocr_line' id='line_1_27' title="bbox 246 2413 1614 2506; baseline -0.003 -24"><span class='ocrx_word' id='word_1_168' title='bbox 246 2443 477 2484; x_wconf 84' lang='lat' dir='ltr'>murus:</span> <span class='ocrx_word' id='word_1_169' title='bbox 504 2443 681 2506; x_wconf 83' lang='lat' dir='ltr'>quum</span> <span class='ocrx_word' id='word_1_170' title='bbox 719 2437 917 2482; x_wconf 84' lang='lat' dir='ltr'>tamen</span> <span class='ocrx_word' id='word_1_171' title='bbox 944 2417 1129 2500; x_wconf 85' lang='lat' dir='ltr'>Byrsa</span> <span class='ocrx_word' id='word_1_172' title='bbox 1147 2464 1164 2492; x_wconf 86' lang='lat'><strong>,</strong></span> <span class='ocrx_word' id='word_1_173' title='bbox 1199 2419 1358 2502; x_wconf 89' lang='lat' dir='ltr'>quod</span> <span class='ocrx_word' id='word_1_174' title='bbox 1385 2413 1614 2480; x_wconf 68' lang='lat' dir='ltr'>nomen‘</span> 
     </span>
     <span class='ocr_line' id='line_1_28' title="bbox 244 2499 1602 2584; baseline -0.001 -22"><span class='ocrx_word' id='word_1_175' title='bbox 244 2505 363 2562; x_wconf 87' lang='lat' dir='ltr'>arci</span> <span class='ocrx_word' id='word_1_176' title='bbox 410 2501 519 2563; x_wconf 78' lang='lat' dir='ltr'>fuit</span> <span class='ocrx_word' id='word_1_177' title='bbox 556 2545 587 2578; x_wconf 89' lang='lat'>‚-</span> <span class='ocrx_word' id='word_1_178' title='bbox 622 2504 782 2584; x_wconf 82' lang='lat' dir='ltr'>quasi</span> <span class='ocrx_word' id='word_1_179' title='bbox 826 2503 1000 2563; x_wconf 87' lang='lat' dir='ltr'>altera</span> <span class='ocrx_word' id='word_1_180' title='bbox 1046 2503 1245 2563; x_wconf 85' lang='lat' dir='ltr'>civitas</span> <span class='ocrx_word' id='word_1_181' title='bbox 1290 2499 1602 2562; x_wconf 81' lang='lat' dir='ltr'>resistebat.</span> 
     </span>
     <span class='ocr_line' id='line_1_29' title="bbox 242 2581 1636 2666; baseline -0.002 -23"><span class='ocrx_word' id='word_1_182' title='bbox 242 2582 539 2663; x_wconf 79' lang='lat' dir='ltr'>Quamvis</span> <span class='ocrx_word' id='word_1_183' title='bbox 575 2584 880 2666; x_wconf 85' lang='lat' dir='ltr'>profligato</span> <span class='ocrx_word' id='word_1_184' title='bbox 912 2582 1070 2642; x_wconf 86' lang='lat' dir='ltr'>urbis</span> <span class='ocrx_word' id='word_1_185' title='bbox 1104 2581 1372 2655; x_wconf 77' lang='lat' dir='ltr'>excidio,</span> <span class='ocrx_word' id='word_1_186' title='bbox 1408 2595 1636 2642; x_wconf 69' lang='lat' dir='ltr'>tamen}</span> 
     </span>
     <span class='ocr_line' id='line_1_30' title="bbox 240 2661 1608 2742; baseline -0.002 -17"><span class='ocrx_word' id='word_1_187' title='bbox 240 2664 413 2725; x_wconf 86' lang='lat' dir='ltr'>fatale</span> <span class='ocrx_word' id='word_1_188' title='bbox 462 2662 679 2724; x_wconf 83' lang='lat' dir='ltr'>Africae</span> <span class='ocrx_word' id='word_1_189' title='bbox 724 2681 941 2723; x_wconf 86' lang='lat' dir='ltr'>nomen</span> <span class='ocrx_word' id='word_1_190' title='bbox 979 2661 1318 2742; x_wconf 82' lang='lat' dir='ltr'>Scipionum</span> <span class='ocrx_word' id='word_1_191' title='bbox 1361 2662 1608 2722; x_wconf 56' lang='lat' dir='ltr'>videbas-</span> 
     </span>
    </p>
   </div>
   <div class='ocr_carea' id='block_1_3' title="bbox 240 2739 1622 2884">
    <p class='ocr_par' dir='ltr' id='par_1_3' title="bbox 240 2739 1622 2884">
     <span class='ocr_line' id='line_1_31' title="bbox 240 2739 1622 2884; baseline -0.001 -76"><span class='ocrx_word' id='word_1_192' title='bbox 240 2764 369 2810; x_wconf 61' lang='grc' dir='ltr'><strong>«ιτ.-</strong></span> <span class='ocrx_word' id='word_1_193' title='bbox 403 2743 579 2829; x_wconf 60' lang='lat' dir='ltr'>Ig&#39;tur</span> <span class='ocrx_word' id='word_1_194' title='bbox 622 2747 683 2807; x_wconf 84' lang='lat' dir='ltr'>in</span> <span class='ocrx_word' id='word_1_195' title='bbox 728 2744 905 2807; x_wconf 84' lang='lat' dir='ltr'>alium</span> <span class='ocrx_word' id='word_1_196' title='bbox 946 2739 1622 2884; x_wconf 44' lang='lat' dir='ltr'>Scipionensscgnveffa·</span> 
     </span>
    </p>
   </div>
  </div>
 </body>
</html>
