2067 3667
491 276 577 351 18
726 278 799 347 L.
852 277 1213 349 ANNAEI
1261 280 1574 347 From

506 418 1820 493 wig-smum·

852 547 1287 617 CAPUT
1387 548 1477 615 V.

542 688 683 740 DE
744 686 1324 760 τᾼιι-ρυιΝΙο
1390 685 1766 743 PRISCO.
1821 736 1838 741 o

485 785 1031 905 TARQumlus
1061 828 1261 910 postea
1285 829 1502 891 Priscus
1527 878 1546 905 ‚
1577 834 1846 915 quamvis

484 911 866 972 transmarinae
904 914 1170 993 originiS‚
1198 930 1437 993 regnum
1463 912 1614 973 ultro
1640 931 1846 994 petens

487 995 695 1075 accipit
738 994 816 1052 ob
861 990 1196 1051 industriam
1247 1010 1416 1072 atque
1461 993 1848 1075 elegantiam:

488 1076 703 1155 quippe
741 1079 838 1155 qui
878 1073 1152 1132 oriundus
1199 1070 1486 1133 Corintho
1514 1118 1534 1144 ,
1571 1072 1848 1135 Graecum

486 1154 783 1235 ingenium
808 1151 1013 1213 Italicis
1049 1153 1261 1215 artibus
1292 1151 1608 1215 miscuisset.
1630 1155 1744 1215 Hie
1779 1157 1851 1217 ὅτ.

488 1232 711 1295 senatus
748 1232 1103 1313 majestatem
1137 1254 1379 1295 numero
1415 1234 1710 1317 ampliavit
1730 1278 1750 1309 ,
1779 1236 1850 1297 δε

490 1316 760 1375 centuriis
818 1314 997 1374 tribus
1047 1316 1198 1375 auxit
1235 1356 1255 1387 ,
1309 1334 1592 1397 quatenus
1653 1315 1849 1376 Attius

489 1394 715 1455 Navius
756 1415 1061 1454 numerum
1099 1398 1294 1476 augeri
1340 1395 1682 1476 prohibebat
1704 1442 1724 1471 ‚
1750 1398 1850 1457 vit

488 1473 741 1535 summus
791 1477 1048 1556 augurio.
1093 1473 1297 1553 Quem
1351 1496 1452 1535 rex
1509 1479 1568 1535 in
1618 1478 1850 1559 experi-

490 1571 752 1617 mentum
778 1558 1042 1637 rogavit‚
1074 1554 1273 1615 fierine
1309 1555 1492 1639 poffet
1526 1558 1684 1639 quod
1723 1554 1848 1639 ipse

492 1654 688 1697 mente
718 1653 1062 1718 conceperat
1093 1637 1113 1697 ?
1148 1635 1254 1697 Ille
1291 1658 1414 1697 rem
1453 1654 1720 1718 expertus
1748 1658 1852 1697 au-

493 1719 661 1799 gurio
682 1762 701 1787 ‚
731 1716 888 1797 posse
910 1716 1218 1798 respondit.
1243 1717 1425 1807 Atqui
1446 1718 1559 1778 hoc
1573 1762 1594 1789 ,
1621 1720 1804 1799 inquit
1823 1762 1846 1787 ,

493 1800 773 1878 agitabam
792 1843 813 1870 ‚
838 1820 907 1856 an
933 1816 1125 1857 cotem
1154 1798 1310 1856 illam
1342 1804 1530 1857 iecare
1563 1797 1848 1859 novacula

492 1874 710 1958 possem
748 1878 771 1935 Ξ·
814 1877 1015 1957 Augur
1051 1921 1070 1946 ,
1114 1877 1285 1937 Potes
1308 1922 1332 1949 ‚
1376 1898 1514 1959 ergo
1551 1923 1571 1949 ‚
1615 1880 1799 1961 inquit
1819 1922 1846 1949 ,

495 1958 561 2017 &
604 1955 795 2017 secuit.
838 1957 979 2017 Inde
1018 1956 1296 2017 Romanis
1333 1955 1484 2017 sacer
1523 1976 1846 2041 auguratus,

492 2035 703 2119 Neque
730 2059 869 2117 pace
891 2036 1239 2118 Tarquinius
1263 2036 1433 2118 quam
1467 2038 1628 2098 bello
1654 2058 1850 2119 prom·

538 2120 668 2179 tior.
698 2117 1032 2179 Duodecim
1065 2140 1314 2199 namque
1340 2116 1565 2179 Tusciae
1593 2119 1848 2201 populos

518 2199 885 2279 requentibus
931 2201 1100 2258 armis
1150 2197 1385 2281 subegit.
1437 2198 1575 2258 Inde
1619 2198 1794 2258 fasces
1824 2242 1852 2269 ,

493 2282 707 2339 trabeae
728 2324 749 2353 ,
787 2280 1009 2339 curules
1031 2323 1050 2352 ,
1091 2281 1322 2349 annuli,
1359 2279 1603 2361 phalerae
1625 2323 1649 2350 ‚
1683 2280 1848 2358 palu-

495 2360 763 2419 damenta
796 2403 815 2430 ,
858 2378 1131 2442 praetexta
1166 2383 1186 2434 3
1231 2360 1365 2418 inde
1407 2404 1425 2429 ,
1469 2358 1626 2439 quod
1671 2378 1848 2419 aureo

496 2461 661 2499 curru
710 2458 951 2521 quatuor
1004 2442 1168 2521 equis
1213 2438 1589 2520 triumphatur
1631 2462 1650 2513 ;
1693 2456 1846 2519 togae

496 2519 655 2601 piStae
680 2564 697 2584 .
736 2521 1054 2602 tunicaeque
1095 2518 1360 2600 palmatae
1385 2565 1404 2593 ,
1447 2520 1646 2579 omnia
1687 2519 1848 2579 deni-

498 2620 609 2740 gue
658 2600 869 2660 decora
922 2603 985 2661 &
1026 2602 1266 2684 insignia
1297 2645 1318 2681 ,
1373 2601 1578 2685 quibus
1624 2600 1848 2681 imperii

540 2682 743 2765 ignitas
776 2683 1008 2743 eminet.
