2067 3667
462 259 557 352 84
710 267 785 334 L.
840 266 1196 334 ANNAEI
1246 265 1550 334 FLont

459 381 775 463 respublica
794 427 817 456 ,
862 381 1040 443 finem
1070 382 1208 442 belli
1237 379 1586 462 reposcebat.
1631 379 1826 444 Hunc

456 455 655 525 Paullo
703 463 1090 524 Macedonico
1143 480 1506 543 procreatum
1551 461 1824 521 Africanis

457 543 611 602 illius
662 547 855 626 magni
903 542 1054 604 filius
1086 546 1144 602 in
1180 544 1353 604 decus
1396 545 1578 625 gentis
1610 541 1824 601 assum-

462 622 650 704 pserat
670 667 689 694 ‚
719 624 833 684 hoc
860 621 1074 684 scilicet
1091 623 1209 683 fato
1231 669 1262 698 ,.
1281 641 1342 684 ut
1363 668 1382 697 ,
1413 643 1585 704 quam
1607 622 1824 698 urben?

458 701 814 764 concuss‘erat
860 725 1001 765 avus
1034 749 1058 775 ‚
1107 724 1292 784 nepos
1338 701 1459 782 ejus
1503 713 1824 766 everteret.

459 781 576 848 Sed
606 800 669 843 ut
704 783 875 865 quiim
910 784 1160 842 maxime¹
1189 783 1472 844 mortiferi
1513 781 1622 844 esse
1650 803 1818 842 mor-2

460 863 550 924 sus
586 862 771 924 solent
800 866 1169 924 morientium
1197 863 1504 924 bestiarum
1529 865 1652 938 ;.sic
1677 863 1828 944 plus-

464 947 685 1046 negotii
736 943 851 1004 fuit.
896 965 1027 1004 cum
1083 943 1345 1004 semiruta
1401 941 1741 1025 Carthagine
1785 985 1828 1016 ,,

404 1095 411 1108 ⁴
466 1047 640 1108 quam
675 1025 917 1108 integra.
948 1023 1282 1106 Compulsis
1318 1027 1376 1083 in
1412 1045 1584 1084 unam
1617 1043 1830 1084 arcem.

467 1104 722 1166 hostibus
746 1149 765 1178 ,
796 1122 1027 1188 portum
1053 1125 1287 1188 quoque
1319 1108 1488 1164 maris
1515 1104 1828 1164 Romanus.

469 1185 790 1246 obsederat.
828 1185 917 1246 Illi
954 1187 1198 1246 alterum
1233 1185 1312 1244 ibi
1346 1185 1668 1266 portumab
1703 1183 1830 1252 alia,

466 1266 626 1326 urbis
673 1283 829 1346 parte
882 1265 1156 1326 foderunt
1185 1289 1203 1326 .·
1243 1285 1350 1324 nec
1397 1281 1461 1323 ut
1505 1263 1769 1346 fugerent
1792 1305 1833 1334 ,-

466 1343 567 1406 sed
663 1349 751 1405 uia
794 1367 970 1406 nemo
1022 1347 1154 1406 illos
1196 1345 1301 1405 hec
1351 1345 1608 1405 evadere.
1696 1343 1822 1406 osse

464 1425 639 1489 crede
683 1442 756 1487 at.
800 1424 942 1485 Inde
986 1428 1147 1506 quasi
1189 1443 1356 1485 enata
1393 1424 1590 1486 subito.
1622 1367 1834 1486 classis.

441 1511 569 1568 'eru
614 1508 656 1566 it
700 1527 713 1564 :
756 1527 934 1588 quum
979 1508 1207 1566 interim
1251 1503 1370 1582 jam
1415 1505 1663 1578 diebus,
1696 1503 1834 1585 jam.

464 1528 728 1648 nobiibus
751 1631 771 1661 ,
806 1607 963 1648 nova
1006 1586 1194 1668 aliqua
1238 1585 1461 1660 moles,
1501 1607 1657 1648 nova
1689 1608 1828 1646 ma-

464 1667 633 1728 china
664 1715 681 1738 ,
724 1689 881 1729 nova
928 1668 1289 1748 perditorum
1337 1666 1638 1727 hominum
1689 1688 1820 1726 ma-

461 1769 569 1808 nus
593 1793 614 1822 ,
652 1751 810 1828 quasi
852 1769 924 1807 ex
962 1749 1170 1808 obruto
1211 1747 1478 1807 incendio
1519 1747 1696 1806 subita
1741 1749 1836 1808 de⁴

464 1829 751 1886 cineribus
801 1827 1042 1887 flamma.
1069 1875 1086 1898 ‚
1141 1829 1428 1909 prodibat.
1481 1825 1836 1910 Deploratis

462 1907 779 1968 novissime
834 1907 1000 1968 rebus
1045 1953 1064 1982 ‚
1114 1909 1484 1991 quadraginta
1531 1906 1588 1967 se
1641 1908 1835 1968 millia..

462 1990 721 2050 virorum
754 1987 1100 2048 dediderunt
1119 2034 1140 2060 ‚
1170 1991 1330 2070 quod
1363 1991 1548 2058 miniis
1579 1990 1780 2050 credas
1799 2035 1834 2064 „

466 2069 616 2128 duce
648 2065 987 2136 Asdrubale.
1028 2067 1270 2148 Quanto
1315 2070 1519 2130 fortiiis
1556 2067 1774 2130 femina
1799 2116 1835 2146 ,,

468 2139 535 2212 8(
556 2169 713 2214 uxor.
727 2148 885 2210 ducis
918 2149 939 2210 ἓ
974 2171 1100 2230 quae
1131 2151 1570 2233 comprehensis,
1589 2150 1836 2212 duobus

466 2229 661 2292 liberis
689 2274 710 2304 ‚
748 2251 782 2290 a
822 2230 1078 2290 culmine.
1113 2229 1169 2290 se
1217 2229 1425 2292 domi‘is
1463 2233 1523 2290 in
1558 2231 1836 2290 medium„
1925 2249 1932 2255 ·

464 2313 631 2371 misit
670 2311 1001 2372 incendium
1027 2355 1064 2383 ‚-
1091 2313 1314 2376 imitata
1350 2314 1600 2394 reginam
1624 2355 1644 2386 ‚
1727 2332 1832 2372 uae

463 2388 873 2472 Carthaginem
900 2391 1176 2452 condidit.
1201 2391 1437 2471 Quanta
1460 2391 1594 2452 urbs
1625 2392 1698 2451 de
1723 2409 1836 2454 eta

464 2473 537 2530 sit
573 2513 593 2543 ‚
634 2489 698 2530 ut
754 2471 825 2529 de
872 2473 1076 2534 ceteris
1127 2489 1344 2532 taceam
1385 2519 1402 2544 ,
1452 2474 1838 2553 velignium.

458 2549 624 2632 mor&
662 2550 891 2630 probari
930 2549 1116 2630 potest
1163 2573 1176 2609 ε
1221 2557 1315 2634 qui
1361 2573 1433 2634 pe
1474 2574 1582 2632 per·
1623 2549 1843 2614 conti-.-

458 2651 608 2700 nuos
653 2630 853 2692 decem
911 2631 974 2692 &
1022 2630 1244 2712 septem
1335 2637 1414 2694 ies
1471 2637 1567 2691 vix
1619 2636 1834 2713 potuit.

454 2710 785 2776 incendium
815 2709 1108 2796 exstingui
1141 2759 1158 2784 ,
1216 2716 1374 2798 quod
1430 2712 1698 2776 domibus
1744 2707 1856 2780 aeg*
