2067 3667
493 339 633 406 ¹24
776 317 854 386 L.
905 315 1262 383 ANNAEI
1312 313 1617 383 FLonr

486 435 743 496 creditur
768 478 787 504 ‚
821 434 959 494 dum
986 435 1049 492 in
1073 432 1329 492 mediam
1357 453 1698 514 camporum
1715 431 1848 494 vafi-

483 520 709 576 titatem
747 514 958 575 eodem
990 514 1137 573 duce
1173 511 1369 572 duEkus
1399 515 1678 572 exercitus
1708 559 1728 589 ,
1775 530 1844 574 ut

482 597 747 678 undique
802 593 951 656 hosti
1004 611 1410 674 exponeretur.
1461 592 1662 676 Itaque
1711 597 1846 656 vix-

489 677 632 737 dum
665 693 906 737 venerat
938 671 1184 745 Carras,
1257 695 1396 734 uum
1420 674 1558 734 undi
1601 695 1674 734 ue
1695 695 1848 755 prae-

484 757 623 817 feffl
644 757 829 838 regis,
864 753 1098 815 Sillaces
1133 757 1198 817 ὃ(
1273 775 1509 827 urena5‚
1536 777 1574 815 0
1627 754 1845 815 endere

492 839 541 897 si
584 859 657 896 na
696 857 837 896 auro
880 833 1214 917 sericeisque
1261 836 1492 896 vexillis
1534 836 1845 897 vibrantia.

490 858 652 978 'signu
686 920 805 978 sine
840 937 1007 976 mora
1039 913 1365 976 circumfusi
1399 915 1656 998 undique
1685 918 1850 998 equi-

489 1015 644 1058 tatus
672 1041 692 1070 ,
744 999 804 1056 in
860 997 1101 1057 modum
1144 996 1430 1079 grandinis
1472 1013 1645 1078 atque
1685 1000 1850 1056 nim-

491 1079 704 1139 borum
768 1077 939 1138 densa
990 1080 1202 1158 pariter
1255 1077 1372 1138 tela
1416 1075 1699 1137 fuderunt.
1747 1075 1849 1138 Sic

494 1157 793 1220 miserabiii
818 1157 1003 1240 strage
1030 1157 1256 1217 deletus
1291 1159 1593 1218 exercitus.
1627 1156 1753 1238 Ipse
1785 1159 1866 1217 in·

494 1240 852 1320 colloquium
901 1236 1228 1298 sollicitatus
1265 1283 1284 1309 ‚
1326 1240 1371 1298 si
1450 1260 1487 1297 o
1529 1237 1662 1298 dato
1690 1283 1710 1312 ‚
1755 1239 1852 1296 vi-

494 1341 606 1380 vus
636 1320 697 1379 in
724 1317 971 1379 hostium
1004 1339 1206 1378 manus
1239 1319 1350 1377 inci
1393 1317 1550 1392 ister,
1583 1321 1721 1392 nisi,
1751 1321 1855 1378 tri-

494 1400 667 1460 bunis
704 1398 1107 1458 reluRantibus
1133 1444 1154 1473 ‚
1195 1397 1388 1480 fugam
1423 1399 1583 1458 ducis
1623 1399 1855 1458 barbari

496 1477 654 1540 ferro
715 1477 1092 1560 occupassent.
1155 1475 1246 1538 Sic
1353 1499 1546 1558 uoque
1608 1479 1855 1540 relatum

500 1577 673 1642 caput
698 1559 949 1620 ludibrio
978 1559 1127 1619 hosti
1151 1557 1274 1618 fuit.
1293 1499 1501 1618 {illium
1523 1559 1678 1620 ducis
1699 1581 1856 1642 pene

496 1644 558 1703 in
598 1639 898 1724 conspeRu
934 1643 1109 1721 patris
1141 1636 1354 1700 eisdem
1387 1639 1514 1700 telis
1546 1659 1854 1721 operuere.

499 1721 783 1802 Reliquiae
827 1719 1070 1780 infelicis
1111 1719 1388 1780 exercitus
1421 1764 1441 1793 ‚
1486 1721 1602 1804 qub
1647 1741 1858 1802 quem-

501 1821 617 1882 que
662 1802 847 1882 rapuit
900 1800 1032 1888 fuga
1060 1845 1078 1872 ‚
1139 1802 1198 1859 in
1257 1800 1595 1861 Armeniam
1632 1848 1652 1876 ‚
1708 1799 1860 1862 Cili-

504 1884 651 1941 ciam
674 1925 692 1952 ,
732 1879 1088 1966 Syriamque.
1113 1879 1422 1955 distraflae,
1463 1883 1558 1941 vix
1595 1883 1860 1943 nun'tium

504 1961 682 2021 cladis
705 1961 1038 2022 retulerunt.
1063 1959 1261 2041 Caput'
1290 1960 1412 2040 ejus
1446 1961 1684 2022 recisum
1719 1983 1864 2024 cum

506 2042 743 2101 dextera
784 2061 952 2100 manu
999 2041 1072 2101 ad
1111 2060 1306 2124 regem
1353 2041 1720 2124 deportatum
1765 2043 1866 2104 lu-

510 2123 702 2182 dibrio
752 2119 861 2181 fuit
895 2167 914 2196 ,
969 2143 1078 2182 nec
1132 2121 1388 2204 indigno,
1432 2121 1656 2183 Aurum
1698 2125 1866 2184 enim

512 2201 792 2284 liquidum
822 2204 883 2260 ‘m
918 2201 1119 2262 rmum
1158 2204 1274 2262 oris
1312 2201 1554 2264 infusum
1589 2201 1669 2263 est
1698 2224 1718 2277 ;
1751 2223 1822 2264 ut
1843 2251 1866 2280 ‚

510 2281 676 2360 cujus
710 2284 927 2342 animus
959 2282 1163 2342 arserat
1193 2286 1310 2342 auri
1350 2283 1656 2366 cupiditate
1678 2329 1698 2358 ,
1730 2282 1868 2362 ejus

504 2366 682 2422 etiam
710 2379 1001 2426 mortuum
1033 2364 1100 2426 &
1132 2363 1411 2448 exsangue
1455 2372 1666 2450 co'rpus
1713 2385 1872 2429 auro

506 2457 783 2508 ureretur·
