2067 3667
904 472 1394 553 .....-...,Ξ,.....-.-

568 644 1047 778 ΗΒΕΑ
1108 644 1722 731 PRIMUS.

858 930 1298 1003 CAPUT
1393 933 1448 1001 1.

786 1094 927 1148 DE
1013 1043 1518 1145 ΚοΜύιο.
1615 1076 1636 1116 ⁵

474 1217 779 1327 Pnuw
796 1279 823 1319 s
847 1258 942 1319 ille
960 1305 980 1334 ,
1006 1260 1071 1321 ὃ(
1090 1258 1266 1320 Urbis
1291 1307 1306 1329 ‚
1341 1260 1404 1319 &
1429 1258 1662 1340 Imperii
1685 1272 1828 1320 cona

474 1342 635 1401 ditor
657 1385 677 1414 ‚
720 1340 1004 1400 Romulus
1049 1338 1154 1400 fuit
1181 1384 1202 1413 ‚
1237 1340 1423 1400 Marte
1504 1342 1686 1401 enitus
1707 1386 1729 1413 ‚
1765 1344 1832 1403 &

476 1420 647 1484 Rhea
683 1422 900 1503 sylvia.
933 1420 1069 1480 Hoc
1101 1421 1175 1480 de
1212 1420 1266 1482 se
1300 1420 1452 1480 sacer
1497 1442 1564 1481 os
1596 1422 1834 1503 gravida

476 1500 730 1563 confessa
778 1499 858 1561 est
898 1522 913 1561 :
959 1522 1070 1560 nec
1118 1522 1260 1562 mox
1303 1500 1456 1561 fama
1502 1502 1785 1563 dubitavit
1811 1546 1836 1575 ‚

480 1604 663 1666 quum
682 1582 901 1643 Amulii
919 1584 1165 1663 imperio
1188 1581 1438 1662 abjeaus
1463 1584 1522 1641 in
1545 1584 1836 1665 profluen-
1902 1629 1910 1634 .

481 1680 606 1724 tem
639 1685 769 1723 cum
801 1662 992 1723 Remo
1026 1662 1196 1724 fratre
1216 1710 1230 1734 ,
1261 1686 1380 1723 non
1415 1666 1600 1743 potuit
1625 1662 1835 1723 exstin-

482 1748 599 1825 gui.
645 1736 943 1826 siquiden}
998 1745 1062 1804 &
1111 1743 1418 1804 Tiberinus
1465 1765 1695 1803 amnem
1742 1765 1837 1803 re-

482 1824 693 1906 pressit
738 1845 758 1896 3
813 1825 877 1883 &
921 1824 1128 1883 reliffis
1173 1827 1371 1886 catulis
1423 1826 1557 1905 lupa
1601 1824 1836 1907 sequuta

483 1905 743 1985 vagitum
802 1904 945 1977 uber
998 1906 1266 1967 admovit
1313 1906 1616 1966 infantibus
1645 1949 1663 1978 ‚
1711 1927 1839 1965 ma-

482 2004 747 2068 tremque
785 1984 841 2044 se
878 1987 1072 2067 gessit.
1111 1984 1206 2047 Sic
1249 2004 1506 2067 repertos
1551 1986 1704 2068 apud
1747 2007 1837 2045 ar·

483 2066 692 2127 horem
713 2110 732 2139 ‚
761 2066 910 2151 eris
944 2066 1137 2148 pastor
1168 2067 1296 2127 tulit
1325 2070 1384 2125 in
1419 2065 1599 2129 casam
1617 2114 1636 2137 ,
1667 2083 1722 2126 at
1763 2086 1838 2127 ue

482 2146 768 2209 educavit.
791 2146 947 2206 Alba
978 2164 1114 2208 tunc
1140 2164 1259 2208 erat
1289 2148 1452 2207 Latio
1490 2166 1660 2229 caput
1679 2195 1698 2219 ‚
1759 2146 1838 2208 fili

482 2249 636 2310 opus
674 2250 690 2287 ε
728 2222 1207 2289 nam“Lavinium
1247 2232 1418 2310 patris
1451 2230 1649 2288 AEneae
1693 2250 1840 2288 con-

484 2306 809 2389 tempserat.
844 2308 943 2368 Ab
977 2309 1063 2368 his
1093 2310 1360 2370 Amulius
1391 2308 1507 2389 jam
1545 2310 1632 2367 bis
1669 2306 1842 2389 septi·

485 2410 583 2451 ma
614 2389 841 2449 soboles
876 2390 1142 2470 regnabat
1164 2434 1184 2460 ,
1217 2388 1388 2449 fratre
1427 2386 1590 2469 pulso
1630 2386 1840 2449 Numi-

485 2486 617 2531 tore
634 2516 654 2542 ,
694 2467 855 2550 cujus
882 2489 952 2529 ex
975 2468 1093 2528 filia
1115 2470 1416 2530 Romulus,
1445 2468 1624 2549 Igitur
1652 2467 1838 2530 statim

485 2552 678 2633 prima
697 2548 946 2630 juventae
967 2548 1090 2607 face
1113 2594 1130 2617 ‚
1151 2567 1411 2630 patruum
1441 2550 1740 2611 Amulium
1765 2552 1836 2611 ab

485 2652 619 2692 arce
655 2629 953 2702 deturbat,
978 2650 1153 2690 avum
1187 2633 1414 2711 reponit
1451 2653 1467 2691 ι
1501 2630 1618 2712 ipse
1647 2632 1838 2691 flumi-

486 2714 576 2775 nis
610 2728 829 2797 amayor
847 2756 867 2785 ,
900 2710 964 2775 &
992 2712 1276 2774 montium
1296 2754 1318 2787 ,
1349 2712 1502 2798 apud
1533 2732 1678 2795 quos
1715 2726 1842 2777 erat
