2067 3667
550 283 1222 361 LIBER-II.
1460 307 1552 385 73

196 406 278 468 Bc
316 391 618 466 Orientem
638 449 657 478 ‚
691 406 947 467 Xerxem
978 423 1146 488 atque
1179 405 1425 480 Darium
1460 423 1568 470 coi·
1652 439 1656 444 ·
1737 402 1750 407 ’

200 489 493 568 gitarent3
579 486 768 547 uando
808 487 1054 568 perfossi
1103 491 1244 547 invii
1287 505 1562 561 monteS‚

207 567 443 648 quando
482 571 627 642 veis
670 586 937 649 opertum
976 589 1133 627 mare
1173 571 1564 630 nunciaretur.

196 649 310 706 ‘Ad
342 648 456 707 hoc
486 647 749 708 coelestes
779 651 950 708 minae
980 649 1348 724 territabant,
1423 669 1564 713 uum

200 727 450 805 humore
482 731 756 788 continuo
800 727 1096 790 Cumanus
1133 728 1356 812 Apollo
1379 671 1566 789 <{uda--

202 825 315 868 ret.
353 806 469 868 Sed
515 809 607 868 hic
652 807 901 868 faventis
943 809 1104 869 Asiae
1150 809 1264 869 suae
1311 813 1562 871 numinis

206 891 382 948 timor
408 907 545 950 erat.
572 889 697 948 Nec
722 889 852 948 sane
878 893 1013 948 viris
1039 933 1059 960 ,
1084 890 1291 968 opibus
1309 935 1329 962 ,
1353 893 1522 949 armis
1541 931 1564 962 ‚

209 969 528 1048 quidquam
564 971 852 1048 copiosius
882 967 1056 1047 Syria
1089 991 1105 1028 ε
1139 968 1236 1028 sed
1265 971 1322 1027 in
1361 989 1569 1028 manus

210 1064 333 1106 tam
368 1049 559 1129 ignavi
593 1050 741 1128 regis
773 1049 1050 1108 inciderat
1070 1092 1091 1121 ,
1131 1065 1194 1106 ut
1227 1047 1364 1106 nihil
1396 1049 1568 1124 fuerit

206 1129 273 1185 in
296 1128 591 1210 Antiocho
620 1128 929 1208 speciosius
948 1173 970 1199 ,
997 1128 1170 1208 quam
1199 1129 1358 1208 quod
1379 1151 1412 1186 a
1441 1129 1570 1188 Ro-

210 1211 397 1278 manis
437 1205 619 1268 victus
658 1207 765 1268 est.
813 1205 1108 1289 impulere
1150 1225 1348 1290 regem
1393 1209 1456 1268 in
1504 1209 1588 1269 id·

208 1289 431 1348 bellum
451 1332 469 1361 ‚
494 1287 647 1346 illinc
670 1287 870 1348 Thoas
894 1287 1124 1348 AEtoliae
1149 1285 1413 1370 princeps
1438 1334 1457 1363 ‚
1480 1291 1573 1348 in-

210 1369 551 1429 honoratam
583 1368 734 1449 apud
756 1368 1052 1430 Romanos
1083 1389 1326 1450 querens
1359 1370 1567 1430 adver-

212 1453 305 1510 sus
347 1449 697 1510 Macedonas
755 1450 969 1509 militiae
1018 1449 1130 1508 suae
1181 1447 1510 1510 societatem
1533 1471 1565 1522 -;

209 1531 343 1589 hinc
375 1529 669 1600 Annibal,
706 1532 804 1610 qui
840 1532 899 1588 in
934 1527 1132 1589 Africa
1165 1529 1347 1588 vicius
1368 1574 1388 1603 ,
1422 1550 1566 1608 pro-

212 1609 379 1690 fugus
399 1652 418 1681 ,
452 1611 522 1668 &'
552 1611 703 1688 pacis
737 1611 1044 1686 impatiens
1063 1650 1082 1678 ‚
1110 1607 1337 1668 hostem
1370 1629 1566 1688 popu-

216 1691 277 1748 lo
313 1689 581 1748 Romano
614 1705 743 1746 toto
780 1689 924 1747 orbe
958 1687 1266 1766 quaerebat.
1301 1686 1376 1746 Et
1405 1689 1565 1768 quod
1616 1685 1620 1690 ’

213 1769 356 1828 illud
384 1766 569 1827 fuiffet
648 1768 920 1826 ericulum
940 1809 959 1838 ,
984 1769 1031 1825 si
1065 1766 1121 1828 se
1158 1768 1408 1826 consiliis
1436 1766 1564 1846 ejus

214 1871 317 1910 rex
356 1789 667 1909 tradidiflfe't
700 1891 719 1920 ,
770 1847 831 1906 id
875 1845 958 1907 est
986 1891 1007 1918 ,
1048 1847 1297 1908 >si-Asiae
1337 1849 1563 1909 viribus

210 1930 341 1989 usus
379 1927 562 1988 fuiffet
599 1927 769 1988 miser
804 1926 1057 1988 Annibal
1095 1928 1116 1988 ?
1157 1927 1271 1989 Sed
1309 1949 1410 1989 rex
1450 1929 1564 1990 suis

214 2005 422 2091 opiBus
442 2055 459 2078 ,
500 2011 564 2068 &
594 2001 827 2068 nomine
858 2028 921 2068 re
962 2011 1026 2068 'o
1051 2007 1228 2070 fretus
1248 2053 1266 2078 ,
1293 2008 1422 2068 satis
1457 2010 1565 2069 ha·-

214 2092 338 2150 buit
372 2089 591 2156 bellum
622 2109 884 2149 movere.
966 2108 1152 2168 uropa
1189 2087 1304 2166 jam
1323 2132 1342 2160 ,
1383 2088 1568 2152 dubio

258 2169 417 2230 rocul
437 2211 458 2240 ,
483 2166 605 2246 jure
642 2169 716 2226 ad
751 2167 1050 2227 Romanos
1080 2168 1419 2252 pertinebat.
1443 2167 1566 2229 Hic

212 2195 641 2331 {ysimachiam
676 2247 879 2308 urbem
900 2293 919 2321 ‚
963 2250 1024 2305 in
1067 2247 1260 2306 littore
1303 2245 1565 2310 Thracio

212 2334 460 2412 positam
506 2351 539 2388 a
587 2326 897 2408 majoribus
941 2325 1088 2399 sui5‚
1138 2327 1461 2388 Antiochus
1497 2345 1566 2390 ut

214 2413 557 2470 hereditario
591 2408 713 2489 jure
747 2405 1264 2491 reposcebat..Hoc
1295 2409 1456 2470 velut
1484 2411 1562 2468 si-

215 2491 357 2550 dere
386 2490 622 2550 Asiatici
642 2491 783 2550 belli
812 2506 971 2550 mota
983 2487 1321 2571 ‚tempestas
1342 2488 1416 2549 Et
1439 2505 1568 2550 ma-‘

212 2573 405 2630 ximus
452 2590 651 2650 regum
699 2587 999 2630 contentus
1039 2569 1264 2630 fortiter
1305 2569 1564 2630 indixisse

212 2651 470 2721 benum,
501 2669 678 2729 quum
708 2651 920 2730 ingenti
948 2649 1184 2728 strepitu
1217 2671 1284 2710 ac
1314 2651 1564 2710 tumultu

214 2729 488 2794 movisset
522 2749 597 2791 ex
629 2728 771 2794 Asia
797 2773 821 2807 ,
856 2731 1146 2810 occupatis
1183 2728 1372 2790 statim
1411 2730 1570 2804 insuq

1295 2803 1362 2870 D
