2067 3667
500 317 614 398 -30
762 297 837 366 L.
888 297 1259 368 ANNE!
1307 295 1613 365 FLoat

508 418 785 478 virtutum
812 414 1224 498 experimenti&
1252 410 1576 496 speciosius.
1606 410 1690 474 Ea
1709 415 1866 476 certe

494 497 621 562 {fuit
653 498 744 559 vis
784 495 1118 556 calamitatis
1146 540 1166 569 ‚
1201 511 1266 556 ut
1305 495 1364 558 in
1401 496 1867 577 experimentum

506 578 725 640 illatam
756 593 961 659 putem
996 577 1272 638 divinitus
1291 619 1315 647 ,
1355 575 1868 637 scire-volentibus

509 657 937 719 immortalibus
963 658 1073 717 diis
1093 701 1114 731 ,
1143 677 1213 718 an
1249 656 1514 718 Romana
1545 658 1726 718 virtus
1757 659 1869 718 im·

508 740 741 820 perium
778 737 937 799 orbis
982 754 1318 798 mereretur.
1359 736 1516 798 Galli
1555 734 1816 798 Senones
1843 780 1870 810 ‚

510 836 657 900 gens
696 817 899 878 natura
942 815 1108 878 ferox
1143 859 1166 890 ‚
1205 819 1470 879 moribus
1521 819 1814 878 incondita
1848 860 1872 891 ,

510 899 591 959 ad
622 900 735 960 hoc
771 897 897 979 ipsa
928 919 1240 979 corporum
1279 898 1433 958 mole
1456 943 1475 972 ,
1502 899 1741 978 perinde
1780 919 1870 958 ar—

506 979 624 1040 mis
659 978 981 1064 ingentibus
1003 1024 1022 1049 ,
1061 978 1209 1040 adeo
1251 982 1410 1038 omni
1451 998 1662 1060 genere
1701 980 1876 1039 terri·

511 1059 645 1120 bilis
682 1057 792 1121 fuit
809 1103 831 1132 ,
859 1075 922 1120 ut
959 1059 1129 1140 plane
1165 1077 1296 1119 nata
1333 1057 1408 1120 ad
1446 1059 1746 1120 hominum
1781 1061 1872 1122 in-

439 1201 445 1208 ,
512 1142 750 1200 teritum
780 1184 801 1213 ‚
842 1140 1072 1202 urbium
1114 1136 1358 1222 stragem
1391 1182 1412 1212 ,
1445 1137 1760 1200 videretur.
1788 1139 1871 1202 Hi

498 1220 812 1302 quondam
865 1220 940 1280 ab
996 1221 1210 1280 ultimis
1261 1237 1542 1280 terrarum
1589 1221 1708 1280 oris
1736 1263 1758 1294 ‚
1804 1221 1870 1283 δι

507 1303 781 1382 cingente
826 1302 1021 1361 omnia
1061 1297 1306 1362 Oceano
1327 1345 1346 1373 ,
1384 1301 1600 1382 ingenti
1643 1302 1872 1382 agmine

509 1379 755 1462 profe&
776 1423 795 1452 ‚
823 1401 1002 1462 quum
1029 1377 1146 1459 jam
1176 1381 1368 1442 media
1393 1379 1702 1443 vastassent
1723 1426 1742 1455 ,
1765 1402 1870 1462 po·

511 1463 639 1520 >sitis
678 1462 828 1520 inter
869 1460 1058 1541 Alpes
1105 1463 1170 1522 δι
1214 1460 1434 1522 Padum
1481 1460 1706 1522 sedibus
1731 1505 1752 1535 ,
1793 1481 1872 1522 ne

510 1541 604 1601 his
642 1542 879 1624 quidem
927 1544 1240 1614 contenti,
1284 1561 1388 1622 per
1428 1540 1646 1602 Italiam
1694 1562 1870 1623 vaga-

511 1622 735 1684 bantur.
766 1621 923 1684 Tum
949 1620 1216 1684 Clusium
1253 1622 1611 1684 obsidebant.
1635 1622 1748 1684 Pro
1774 1621 1870 1683 so-

510 1705 613 1763 ciis
650 1725 712 1763 ac
747 1702 1040 1764 foederatis
1077 1703 1323 1790 populus
1360 1702 1656 1765 Romanus
1691 1706 1868 1764 inter-

497 1785 695 1844 -venin
720 1783 893 1844 Missi
922 1805 1005 1847 ,ex-
1034 1805 1202 1844 more
1237 1784 1426 1866 legati.
1449 1781 1564 1846 Sed
1591 1785 1750 1868 quod
1771 1783 1872 1865 jus·

509 1864 669 1943 apud
692 1863 969 1923 Barbaros
1001 1863 1023 1922 ἓ
1056 1863 1302 1925 ferocius
1331 1883 1502 1946 agunt
1534 1888 1552 1928 z
1583 1883 1826 1928 movent
1840 1867 1872 1940 ζ

512 1945 581 2004 ὃ(
610 1944 745 2003 inde
781 1961 1091 2005 certamen.
1129 1943 1444 2006 Conversis
1476 1947 1646 2030 igitur
1667 1969 1699 2005 a
1725 1943 1870 2006 Clu-

511 2027 604 2084 sio
626 2067 646 2097 ,
682 2023 1048 2106 Romamque
1087 2026 1450 2085 venientibus
1484 2072 1503 2101 ,
1535 2026 1607 2086 ad
1649 2022 1870 2087 Allid'm

508 2105 729 2165 flumen
754 2127 884 2166 cum
916 2109 1170 2167 exercitu
1198 2107 1406 2167 Fabius
1436 2107 1632 2168 consul
1661 2129 1868 2169 occur-

510 2186 605 2247 tit.
658 2186 799 2248 Non
852 2204 1071 2248 temere
1123 2187 1337 2249 foedior
1392 2189 1602 2249 clades,
1661 2186 1870 2269 Itaque

508 2267 665 2328 hunc
718 2269 875 2329 diem
922 2267 1076 2332 fastis
1124 2267 1313 2329 Roma
1364 2267 1671 2328 damnavit.
1714 2267 1870 2328 Fuso-

510 2350 768 2409 exercitu
820 2348 936 2424 iam
986 2349 1276 2409 moenibus
1324 2348 1501 2409 Urbis
1549 2351 1874 2430 appropin-

508 2429 779 2510 quabant.
802 2429 975 2490 Erant
999 2429 1152 2488 nulla
1170 2421 1450 2509 praesidia.
1473 2426 1630 2488 Tum
1655 2429 1673 2486 i
1718 2431 1830 2489 itur
1847 2471 1877 2502 ,

510 2527 610 2570 aut
632 2528 944 2590 numquam
970 2509 1144 2582 alias,
1165 2510 1426 2589 apparuit
1459 2529 1602 2572 vera
1632 2511 1652 2570 i
1695 2509 1868 2570 aRo-

498 2609 679 2651 mana
697 2591 900 2648 virtus.
921 2587 1050 2648 Jam
1069 2590 1317 2671 primum
1330 2587 1579 2669 majores
1599 2608 1734 2651 natu
1751 2611 1866 2650 am·

556 2670 783 2730 lissimis
812 2672 899 2730 usi
932 2671 1249 2731 honoribus
1269 2714 1288 2745 ,
1322 2672 1382 2730 in
1417 2670 1869 2732 forumcoeunr.

542 2750 602 2812 bi
640 2750 969 2816 devovente
1009 2750 1288 2835 pontifice
1309 2797 1330 2830 ,
1363 2753 1472 2814 diis
1507 2752 1564 2814 se
1588 2751 1872 2814 Manibus
