2067 3667
540 327 645 424 78'
784 329 865 398 L.
909 328 1280 398 ΑΝπΑῑι
1337 327 1639 395 Ρισιιι

538 447 903 512 memorabili
953 447 1226 528 exemplo
1277 443 1594 508 custodiam
1647 447 1838 506 evasit
1875 492 1904 518 ,

536 528 939 611 revulsumque
960 528 1153 589 militis
1173 545 1338 610 caput
1359 526 1431 586 ad
1452 527 1716 586 maritum
1734 525 1896 586 suum

536 609 747 670 retulit.

558 732 1880 808 -ὲεῌῌε-εεῇῗᾱεω

840 859 1270 932 CAPUT
1367 858 1584 930 XII.

456 1001 459 1008 ’
562 1001 863 1060 JELLUM
896 1001 1440 1056 MACEDONICUM
1472 1001 1908 1056 SEcUNDer

534 1127 766 1238 DUM
800 1171 921 1232 an‘ae
964 1169 1204 1252 aliaeque
1274 1183 1432 1228 entes
1456 1165 1724 1249 Syriatici
1752 1168 1903 1230 beni

538 1249 853 1334 fiequuntur
888 1253 1111 1311 ruinam
1149 1293 1169 1323 ,
1281 1248 1560 1310 acedonia
1604 1245 1662 1310 se
1703 1249 1906 1310 rursus-

534 1335 737 1394 erexit.
769 1332 1168 1393 Fortissimum
1202 1329 1483 1410 populum
1512 1332 1791 1390 memoria
1824 1331 1896 1392 &

532 1411 861 1472 recordatio
894 1409 1005 1471 suae
1039 1410 1348 1472 nobilitatis
1373 1431 1404 1469 a
1444 1410 1616 1471 ‘tabat
1637 1431 1651 1470 ε
1675 1412 1742 1472 &
1765 1409 1896 1472 suc-

532 1489 765 1553 eefferat
801 1491 1068 1574 Philippo
1108 1489 1255 1552 filius
1296 1489 1404 1550 Per
1432 1512 1494 1551 es
1527 1513 1548 1566 3
1581 1493 1680 1573 qui
1713 1489 1904 1554 semel·

531 1573 594 1634 in
635 1585 981 1656 perpetuum
1016 1570 1228 1633 viciam
1274 1569 1383 1632 effe
1429 1571 1840 1634 Macedoniam
1871 1619 1906 1648 ‚,

529 1675 657 1717 non
702 1653 945 1738 putabat
992 1673 1068 1714 ex
1153 1653 1295 1716 entis
1341 1651 1633 1735 dignitate.
1689 1651 1894 1715 Multo

530 1734 937 1796 vehementius
980 1731 1082 1794 sub
1159 1754 1233 1794 oc
1271 1731 1628 1794 Macedones
1653 1778 1674 1810 ,
1713 1733 1900 1815 quam.

531 1811 634 1874 sub
668 1831 829 1894 patre
867 1812 1249 1896 consurgunt:
1283 1817 1498 1897 quippe
1533 1813 1786 1874 Thracas
1825 1817 1904 1878 in:

526 1895 685 1954 vires
720 1893 844 1954 suas
876 1911 1161 1956 traxerant
1194 1915 1218 1970 3
1249 1911 1420 1977 atque
1450 1898 1526 1955 ita
1555 1893 1904 1957 industriam

528 1973 931 2035 Macedonum
972 1977 1192 2036 viribus
1232 1975 1522 2036 Thracum
1554 2020 1578 2049 ‚
1607 1972 1902 2038 ferociam·

526 2052 827 2116 Thracum
863 2055 1161 2138 disciplina
1199 2055 1590 2118 Macedonum
1611 2102 1630 2132 ,
1659 2072 1921 2138 temper

527 2155 820 2199 taverunt.
870 2137 1135 2198 Accessit
1185 2137 1271 2196 his
1324 2138 1626 2198 consilium
1677 2137 1836 2196 ducis
1861 2183 1901 2210 ‚

528 2221 627 2299 qui
671 2221 844 2280 situm
880 2220 1185 2301 regionum
1227 2216 1448 2278 suarum
1490 2217 1711 2279 summo
1751 2217 1894 2298 spe·-

527 2299 744 2359 culatus
770 2299 981 2360 Haemo
999 2344 1017 2373 ,
1038 2300 1244 2380 positis
1265 2319 1369 2380 per
1393 2300 1630 2380 abrupta
1653 2296 1842 2358 castris
1858 2342 1892 2370 ‚.

524 2381 606 2440 ita
635 2378 1050 2452 Macedoniam
1081 2378 1238 2439 suam
1263 2381 1434 2439 armis
1456 2379 1723 2462 ferroque
1755 2379 1890 2439 val-

520 2459 745 2518 laverat
778 2501 798 2532 ,
838 2475 901 2518 ut
938 2479 1060 2518 non
1097 2458 1377 2540 reliquiffe
1416 2461 1631 2521 aditum
1653 2503 1672 2532 ,
1707 2461 1813 2519 nisi
1849 2483 1892 2520 a·

523 2537 681 2598 coelo
724 2539 973 2598 venturis
994 2537 1252 2600 hostibus
1269 2586 1293 2613 ,
1314 2540 1624 2602 videretur.
1650 2539 1883 2602 Tamen

524 2616 753 2678 Marcio
786 2617 1051 2702 Philippo
1085 2617 1316 2682 consule
1355 2644 1484 2682 eam
1521 2624 1891 2704 provinciam

526 2696 799 2778 ingreffus
850 2701 1098 2782 populus
1160 2701 1456 2763 Romanus
1496 2748 1516 2777 ,
1572 2705 1895 2784 exploratis

520 2777 824 2864 diligenter
881 2783 1204 2844 accessibus
1233 2828 1255 2858 ,
1320 2800 1558 2866 propter
1598 2783 1896 2846 Ascurida.-
