<?xml version="1.0" encoding="UTF-8"?>
<!DOCTYPE html PUBLIC "-//W3C//DTD XHTML 1.0 Transitional//EN"
    "http://www.w3.org/TR/xhtml1/DTD/xhtml1-transitional.dtd">
<html xmlns="http://www.w3.org/1999/xhtml" xml:lang="en" lang="en">
 <head>
  <title>
</title>
<meta http-equiv="Content-Type" content="text/html;charset=utf-8" />
  <meta name='ocr-system' content='tesseract 3.04.00' />
  <meta name='ocr-capabilities' content='ocr_page ocr_carea ocr_par ocr_line ocrx_word'/>
</head>
<body>
  <div class='ocr_page' id='page_1' title='image "./caiivelleiipate00lallgoog_0116.png"; bbox 0 0 2067 3667; ppageno 0'>
   <div class='ocr_carea' id='block_1_1' title="bbox 511 268 1617 413">
    <p class='ocr_par' dir='ltr' id='par_1_1' title="bbox 511 268 1617 413">
     <span class='ocr_line' id='line_1_1' title="bbox 511 268 1617 413; baseline -0.005 -27"><span class='ocrx_word' id='word_1_1' title='bbox 511 340 609 413; x_wconf 89' lang='lat'><strong>94</strong></span> <span class='ocrx_word' id='word_1_2' title='bbox 755 315 826 385; x_wconf 86' lang='lat' dir='ltr'><strong>C.</strong></span> <span class='ocrx_word' id='word_1_3' title='bbox 883 316 1154 383; x_wconf 64' lang='lat' dir='ltr'><em>Vsu..</em></span> <span class='ocrx_word' id='word_1_4' title='bbox 1212 268 1617 381; x_wconf 39' lang='lat' dir='ltr'><strong>PATER&amp;</strong></span> 
     </span>
    </p>
   </div>
   <div class='ocr_carea' id='block_1_2' title="bbox 505 426 1863 2202">
    <p class='ocr_par' dir='ltr' id='par_1_2' title="bbox 505 426 1863 2202">
     <span class='ocr_line' id='line_1_2' title="bbox 509 426 1861 514; baseline -0.004 -19"><span class='ocrx_word' id='word_1_5' title='bbox 509 454 758 514; x_wconf 84' lang='lat' dir='ltr'><strong>cumque</strong></span> <span class='ocrx_word' id='word_1_6' title='bbox 789 433 899 513; x_wconf 87' lang='lat' dir='ltr'>ipsi</span> <span class='ocrx_word' id='word_1_7' title='bbox 923 428 1099 492; x_wconf 85' lang='lat' dir='ltr'><strong>essent</strong></span> <span class='ocrx_word' id='word_1_8' title='bbox 1116 474 1135 503; x_wconf 94' lang='lat'>‚</span> <span class='ocrx_word' id='word_1_9' title='bbox 1157 432 1537 511; x_wconf 83' lang='lat' dir='ltr'><strong>praetexentes</strong></span> <span class='ocrx_word' id='word_1_10' title='bbox 1563 426 1673 489; x_wconf 84' lang='lat' dir='ltr'><strong>esse</strong></span> <span class='ocrx_word' id='word_1_11' title='bbox 1706 437 1861 490; x_wconf 66' lang='lat' dir='ltr'><strong>rem-i</strong></span> 
     </span>
     <span class='ocr_line' id='line_1_3' title="bbox 509 509 1863 598; baseline -0.003 -25"><span class='ocrx_word' id='word_1_12' title='bbox 509 516 796 598; x_wconf 85' lang='lat' dir='ltr'>publicam</span> <span class='ocrx_word' id='word_1_13' title='bbox 818 558 838 587; x_wconf 92' lang='lat'><strong>,</strong></span> <span class='ocrx_word' id='word_1_14' title='bbox 863 513 1133 593; x_wconf 83' lang='lat' dir='ltr'>pecunias</span> <span class='ocrx_word' id='word_1_15' title='bbox 1166 514 1339 571; x_wconf 84' lang='lat' dir='ltr'><strong>etiam</strong></span> <span class='ocrx_word' id='word_1_16' title='bbox 1357 554 1379 583; x_wconf 84' lang='lat'>‚</span> <span class='ocrx_word' id='word_1_17' title='bbox 1408 532 1535 593; x_wconf 83' lang='lat' dir='ltr'><strong>quae</strong></span> <span class='ocrx_word' id='word_1_18' title='bbox 1575 530 1647 569; x_wconf 81' lang='lat' dir='ltr'><strong>ex</strong></span> <span class='ocrx_word' id='word_1_19' title='bbox 1680 509 1863 570; x_wconf 83' lang='lat' dir='ltr'><strong>trans-</strong></span> 
     </span>
     <span class='ocr_line' id='line_1_4' title="bbox 508 589 1862 675; baseline -0.002 -21"><span class='ocrx_word' id='word_1_20' title='bbox 508 596 741 654; x_wconf 79' lang='lat' dir='ltr'><strong>marinis</strong></span> <span class='ocrx_word' id='word_1_21' title='bbox 770 593 1085 675; x_wconf 22' lang='lat' dir='ltr'><strong>&#39;provinciis</strong></span> <span class='ocrx_word' id='word_1_22' title='bbox 1117 592 1369 652; x_wconf 84' lang='lat' dir='ltr'>Romam</span> <span class='ocrx_word' id='word_1_23' title='bbox 1393 594 1462 652; x_wconf 89' lang='lat' dir='ltr'><strong>ab</strong></span> <span class='ocrx_word' id='word_1_24' title='bbox 1485 589 1862 671; x_wconf 62' lang='lat' dir='ltr'><strong>quaestoribus</strong></span> 
     </span>
     <span class='ocr_line' id='line_1_5' title="bbox 508 672 1859 757; baseline -0.001 -22"><span class='ocrx_word' id='word_1_25' title='bbox 508 675 958 757; x_wconf 80' lang='lat' dir='ltr'>deportabantur</span> <span class='ocrx_word' id='word_1_26' title='bbox 977 715 998 745; x_wconf 89' lang='lat'><strong>‚</strong></span> <span class='ocrx_word' id='word_1_27' title='bbox 1034 694 1070 731; x_wconf 91' lang='lat' dir='ltr'><strong>a</strong></span> <span class='ocrx_word' id='word_1_28' title='bbox 1102 672 1435 734; x_wconf 75' lang='lat' dir='ltr'>volentibus</span> <span class='ocrx_word' id='word_1_29' title='bbox 1474 688 1814 752; x_wconf 87' lang='lat' dir='ltr'><strong>acceperant</strong></span> <span class='ocrx_word' id='word_1_30' title='bbox 1842 692 1859 733; x_wconf 71' lang='grc' dir='ltr'><strong>ε</strong></span> 
     </span>
     <span class='ocr_line' id='line_1_6' title="bbox 553 750 1862 833; baseline -0.001 -20"><span class='ocrx_word' id='word_1_31' title='bbox 553 776 640 815; x_wconf 86' lang='lat' dir='ltr'><strong>uae</strong></span> <span class='ocrx_word' id='word_1_32' title='bbox 675 757 870 814; x_wconf 87' lang='lat' dir='ltr'>omnia</span> <span class='ocrx_word' id='word_1_33' title='bbox 906 751 1127 813; x_wconf 58' lang='lat' dir='ltr'><strong>senatuis</strong></span> <span class='ocrx_word' id='word_1_34' title='bbox 1166 754 1413 813; x_wconf 83' lang='lat' dir='ltr'><strong>decretis</strong></span> <span class='ocrx_word' id='word_1_35' title='bbox 1450 750 1862 833; x_wconf 86' lang='lat' dir='ltr'><strong>comprehensa</strong></span> 
     </span>
     <span class='ocr_line' id='line_1_7' title="bbox 509 776 1859 916; baseline -0.003 -20"><span class='ocrx_word' id='word_1_36' title='bbox 509 776 578 897; x_wconf 61' lang='lat' dir='ltr'><strong>gg</strong></span> <span class='ocrx_word' id='word_1_37' title='bbox 614 835 990 916; x_wconf 82' lang='lat' dir='ltr'><strong>comprobata</strong></span> <span class='ocrx_word' id='word_1_38' title='bbox 1017 832 1163 893; x_wconf 85' lang='lat' dir='ltr'>sunt.</span> <span class='ocrx_word' id='word_1_39' title='bbox 1202 832 1277 894; x_wconf 86' lang='lat' dir='ltr'><strong>Et</strong></span> <span class='ocrx_word' id='word_1_40' title='bbox 1310 832 1393 893; x_wconf 90' lang='lat' dir='ltr'><strong>D.</strong></span> <span class='ocrx_word' id='word_1_41' title='bbox 1433 831 1614 893; x_wconf 79' lang='lat' dir='ltr'>Bruto</span> <span class='ocrx_word' id='word_1_42' title='bbox 1640 877 1659 906; x_wconf 88' lang='lat'>,</span> <span class='ocrx_word' id='word_1_43' title='bbox 1695 832 1859 913; x_wconf 76' lang='lat' dir='ltr'>qubd</span> 
     </span>
     <span class='ocr_line' id='line_1_8' title="bbox 508 913 1861 985; baseline -0.003 -10"><span class='ocrx_word' id='word_1_44' title='bbox 508 915 702 975; x_wconf 85' lang='lat' dir='ltr'><strong>alieno</strong></span> <span class='ocrx_word' id='word_1_45' title='bbox 730 913 1022 975; x_wconf 79' lang='lat' dir='ltr'><strong>beneficio</strong></span> <span class='ocrx_word' id='word_1_46' title='bbox 1058 916 1287 975; x_wconf 78' lang='lat' dir='ltr'><strong>viveret</strong></span> <span class='ocrx_word' id='word_1_47' title='bbox 1304 956 1324 985; x_wconf 93' lang='lat'><strong>,</strong></span> <span class='ocrx_word' id='word_1_48' title='bbox 1360 913 1625 973; x_wconf 86' lang='lat' dir='ltr'><strong>decretus</strong></span> <span class='ocrx_word' id='word_1_49' title='bbox 1659 917 1861 973; x_wconf 83' lang='lat' dir='ltr'>trium-</span> 
     </span>
     <span class='ocr_line' id='line_1_9' title="bbox 509 992 1860 1077; baseline -0.001 -22"><span class='ocrx_word' id='word_1_50' title='bbox 509 996 678 1077; x_wconf 86' lang='lat' dir='ltr'><strong>phus.</strong></span> <span class='ocrx_word' id='word_1_51' title='bbox 713 993 904 1057; x_wconf 76' lang='lat' dir='ltr'>Pansae</span> <span class='ocrx_word' id='word_1_52' title='bbox 939 1012 1111 1075; x_wconf 83' lang='lat' dir='ltr'><strong>atque</strong></span> <span class='ocrx_word' id='word_1_53' title='bbox 1142 994 1319 1055; x_wconf 83' lang='lat' dir='ltr'>Hirtii</span> <span class='ocrx_word' id='word_1_54' title='bbox 1351 1016 1599 1076; x_wconf 87' lang='lat' dir='ltr'><strong>corpora</strong></span> <span class='ocrx_word' id='word_1_55' title='bbox 1630 992 1860 1074; x_wconf 65' lang='lat' dir='ltr'><strong>publica</strong></span> 
     </span>
     <span class='ocr_line' id='line_1_10' title="bbox 509 1072 1860 1138; baseline -0.001 -2"><span class='ocrx_word' id='word_1_56' title='bbox 509 1076 569 1138; x_wconf 84' lang='lat' dir='ltr'><strong>se</strong></span> <span class='ocrx_word' id='word_1_57' title='bbox 614 1077 799 1136; x_wconf 63' lang='lat' dir='ltr'><strong>ultura</strong></span> <span class='ocrx_word' id='word_1_58' title='bbox 846 1077 1143 1135; x_wconf 88' lang='lat' dir='ltr'><strong>honorata.</strong></span> <span class='ocrx_word' id='word_1_59' title='bbox 1200 1072 1439 1135; x_wconf 85' lang='lat' dir='ltr'><strong>Caesaris</strong></span> <span class='ocrx_word' id='word_1_60' title='bbox 1498 1074 1649 1134; x_wconf 81' lang='lat' dir='ltr'><strong>adeb</strong></span> <span class='ocrx_word' id='word_1_61' title='bbox 1706 1075 1860 1135; x_wconf 81' lang='lat' dir='ltr'><strong>nulla</strong></span> 
     </span>
     <span class='ocr_line' id='line_1_11' title="bbox 507 1155 1859 1235; baseline -0.001 -18"><span class='ocrx_word' id='word_1_62' title='bbox 507 1158 548 1217; x_wconf 89' lang='lat' dir='ltr'><strong>h</strong></span> <span class='ocrx_word' id='word_1_63' title='bbox 625 1160 702 1217; x_wconf 87' lang='lat' dir='ltr'><strong>ita</strong></span> <span class='ocrx_word' id='word_1_64' title='bbox 719 1159 978 1230; x_wconf 55' lang='lat' dir='ltr'><strong>mentia,</strong></span> <span class='ocrx_word' id='word_1_65' title='bbox 1001 1156 1145 1215; x_wconf 81' lang='lat' dir='ltr'>ut·le</span> <span class='ocrx_word' id='word_1_66' title='bbox 1183 1161 1294 1230; x_wconf 87' lang='lat' dir='ltr'><strong>ati,</strong></span> <span class='ocrx_word' id='word_1_67' title='bbox 1324 1158 1419 1235; x_wconf 89' lang='lat' dir='ltr'><strong>qui</strong></span> <span class='ocrx_word' id='word_1_68' title='bbox 1443 1155 1517 1214; x_wconf 89' lang='lat' dir='ltr'><strong>ad</strong></span> <span class='ocrx_word' id='word_1_69' title='bbox 1540 1158 1859 1215; x_wconf 76' lang='lat' dir='ltr'><strong>exercitum</strong></span> 
     </span>
     <span class='ocr_line' id='line_1_12' title="bbox 511 1232 1857 1316; baseline -0.001 -18"><span class='ocrx_word' id='word_1_70' title='bbox 511 1235 638 1316; x_wconf 84' lang='lat' dir='ltr'><strong>ejus</strong></span> <span class='ocrx_word' id='word_1_71' title='bbox 673 1238 833 1297; x_wconf 83' lang='lat' dir='ltr'>missi</span> <span class='ocrx_word' id='word_1_72' title='bbox 861 1252 1065 1308; x_wconf 78' lang='lat' dir='ltr'><strong>erant,</strong></span> <span class='ocrx_word' id='word_1_73' title='bbox 1096 1233 1155 1314; x_wconf 79' lang='lat' dir='ltr'><strong>ju</strong></span> <span class='ocrx_word' id='word_1_74' title='bbox 1200 1252 1428 1297; x_wconf 84' lang='lat' dir='ltr'><strong>crentur</strong></span> <span class='ocrx_word' id='word_1_75' title='bbox 1463 1232 1749 1295; x_wconf 87' lang='lat' dir='ltr'>summoto</span> <span class='ocrx_word' id='word_1_76' title='bbox 1784 1256 1857 1296; x_wconf 88' lang='lat' dir='ltr'><strong>eo</strong></span> 
     </span>
     <span class='ocr_line' id='line_1_13' title="bbox 509 1314 1860 1398; baseline -0.001 -21"><span class='ocrx_word' id='word_1_77' title='bbox 509 1316 972 1397; x_wconf 73' lang='lat' dir='ltr'><strong>milites-alloqui.</strong></span> <span class='ocrx_word' id='word_1_78' title='bbox 990 1315 1134 1375; x_wconf 87' lang='lat' dir='ltr'><strong>Non</strong></span> <span class='ocrx_word' id='word_1_79' title='bbox 1152 1314 1258 1377; x_wconf 79' lang='lat' dir='ltr'>fnit</span> <span class='ocrx_word' id='word_1_80' title='bbox 1279 1332 1398 1375; x_wconf 84' lang='lat' dir='ltr'><strong>tam</strong></span> <span class='ocrx_word' id='word_1_81' title='bbox 1420 1318 1671 1398; x_wconf 81' lang='lat' dir='ltr'><strong>ingratus</strong></span> <span class='ocrx_word' id='word_1_82' title='bbox 1695 1336 1860 1375; x_wconf 85' lang='lat' dir='ltr'><strong>exer-</strong></span> 
     </span>
     <span class='ocr_line' id='line_1_14' title="bbox 507 1394 1859 1479; baseline 0.001 -22"><span class='ocrx_word' id='word_1_83' title='bbox 507 1399 654 1457; x_wconf 81' lang='lat' dir='ltr'>citus</span> <span class='ocrx_word' id='word_1_84' title='bbox 673 1442 692 1470; x_wconf 93' lang='lat'><strong>,</strong></span> <span class='ocrx_word' id='word_1_85' title='bbox 739 1394 913 1477; x_wconf 70' lang='lat' dir='ltr'><strong>quam</strong></span> <span class='ocrx_word' id='word_1_86' title='bbox 962 1395 1147 1455; x_wconf 88' lang='lat' dir='ltr'><strong>fuerat</strong></span> <span class='ocrx_word' id='word_1_87' title='bbox 1187 1395 1407 1457; x_wconf 84' lang='lat' dir='ltr'><strong>senatus</strong></span> <span class='ocrx_word' id='word_1_88' title='bbox 1443 1417 1459 1455; x_wconf 73' lang='grc' dir='ltr'><strong><em>ε</em></strong></span> <span class='ocrx_word' id='word_1_89' title='bbox 1504 1416 1637 1456; x_wconf 88' lang='lat' dir='ltr'><strong>nam</strong></span> <span class='ocrx_word' id='word_1_90' title='bbox 1679 1418 1859 1479; x_wconf 87' lang='lat' dir='ltr'><strong>quum</strong></span> 
     </span>
     <span class='ocr_line' id='line_1_15' title="bbox 509 1473 1857 1556; baseline -0.001 -17"><span class='ocrx_word' id='word_1_91' title='bbox 509 1497 640 1539; x_wconf 80' lang='lat' dir='ltr'><strong>eam</strong></span> <span class='ocrx_word' id='word_1_92' title='bbox 675 1474 941 1556; x_wconf 82' lang='lat' dir='ltr'><strong>injuriam</strong></span> <span class='ocrx_word' id='word_1_93' title='bbox 977 1476 1387 1538; x_wconf 80' lang='lat' dir='ltr'>dissimulando</span> <span class='ocrx_word' id='word_1_94' title='bbox 1419 1473 1613 1536; x_wconf 82' lang='lat' dir='ltr'><strong>Caesar</strong></span> <span class='ocrx_word' id='word_1_95' title='bbox 1642 1473 1817 1537; x_wconf 76' lang='lat' dir='ltr'><strong>ferret</strong></span> <span class='ocrx_word' id='word_1_96' title='bbox 1839 1524 1857 1548; x_wconf 91' lang='lat'><strong>,</strong></span> 
     </span>
     <span class='ocr_line' id='line_1_16' title="bbox 505 1555 1861 1642; baseline 0.001 -25"><span class='ocrx_word' id='word_1_97' title='bbox 505 1572 798 1642; x_wconf 78' lang='lat' dir='ltr'><strong>negavere</strong></span> <span class='ocrx_word' id='word_1_98' title='bbox 829 1558 1038 1617; x_wconf 79' lang='lat' dir='ltr'><strong>milites</strong></span> <span class='ocrx_word' id='word_1_99' title='bbox 1069 1559 1193 1617; x_wconf 85' lang='lat' dir='ltr'><strong>sine</strong></span> <span class='ocrx_word' id='word_1_100' title='bbox 1222 1560 1568 1637; x_wconf 86' lang='lat' dir='ltr'><strong>imperatore</strong></span> <span class='ocrx_word' id='word_1_101' title='bbox 1604 1555 1707 1617; x_wconf 87' lang='lat' dir='ltr'><strong>suo</strong></span> <span class='ocrx_word' id='word_1_102' title='bbox 1745 1558 1861 1619; x_wconf 84' lang='lat' dir='ltr'><strong>ulla</strong></span> 
     </span>
     <span class='ocr_line' id='line_1_17' title="bbox 507 1635 1859 1709; baseline 0 -10"><span class='ocrx_word' id='word_1_103' title='bbox 507 1636 566 1699; x_wconf 82' lang='lat' dir='ltr'><strong>se</strong></span> <span class='ocrx_word' id='word_1_104' title='bbox 603 1638 896 1700; x_wconf 84' lang='lat' dir='ltr'><strong>audituros</strong></span> <span class='ocrx_word' id='word_1_105' title='bbox 929 1637 1218 1709; x_wconf 79' lang='lat' dir='ltr'><strong>mandata,</strong></span> <span class='ocrx_word' id='word_1_106' title='bbox 1250 1637 1385 1699; x_wconf 89' lang='lat' dir='ltr'><strong>Hoc</strong></span> <span class='ocrx_word' id='word_1_107' title='bbox 1418 1635 1501 1697; x_wconf 86' lang='lat' dir='ltr'><strong>est</strong></span> <span class='ocrx_word' id='word_1_108' title='bbox 1533 1637 1679 1697; x_wconf 79' lang='lat' dir='ltr'>illud</span> <span class='ocrx_word' id='word_1_109' title='bbox 1712 1656 1859 1699; x_wconf 85' lang='lat' dir='ltr'><strong>tem-</strong></span> 
     </span>
     <span class='ocr_line' id='line_1_18' title="bbox 505 1716 1861 1801; baseline 0 -22"><span class='ocrx_word' id='word_1_110' title='bbox 505 1740 616 1801; x_wconf 76' lang='lat' dir='ltr'><strong>pus</strong></span> <span class='ocrx_word' id='word_1_111' title='bbox 634 1764 652 1788; x_wconf 91' lang='lat'><strong>,</strong></span> <span class='ocrx_word' id='word_1_112' title='bbox 681 1737 800 1801; x_wconf 87' lang='lat' dir='ltr'><strong>quo</strong></span> <span class='ocrx_word' id='word_1_113' title='bbox 828 1716 1043 1779; x_wconf 82' lang='lat' dir='ltr'><strong>Cicero</strong></span> <span class='ocrx_word' id='word_1_114' title='bbox 1069 1760 1089 1790; x_wconf 93' lang='lat'>‚</span> <span class='ocrx_word' id='word_1_115' title='bbox 1124 1719 1293 1777; x_wconf 84' lang='lat' dir='ltr'>insito</span> <span class='ocrx_word' id='word_1_116' title='bbox 1331 1738 1531 1779; x_wconf 88' lang='lat' dir='ltr'><strong>amore</strong></span> <span class='ocrx_word' id='word_1_117' title='bbox 1550 1718 1861 1799; x_wconf 87' lang='lat' dir='ltr'><strong>Pompeia-</strong></span> 
     </span>
     <span class='ocr_line' id='line_1_19' title="bbox 505 1796 1859 1879; baseline 0.003 -22"><span class='ocrx_word' id='word_1_118' title='bbox 505 1818 708 1859; x_wconf 83' lang='lat' dir='ltr'><strong>narum</strong></span> <span class='ocrx_word' id='word_1_119' title='bbox 743 1801 986 1879; x_wconf 81' lang='lat' dir='ltr'><strong>partium</strong></span> <span class='ocrx_word' id='word_1_120' title='bbox 1017 1842 1038 1871; x_wconf 92' lang='lat'><strong>,</strong></span> <span class='ocrx_word' id='word_1_121' title='bbox 1079 1796 1366 1858; x_wconf 67' lang='lat' dir='ltr'><strong>Caesarem</strong></span> <span class='ocrx_word' id='word_1_122' title='bbox 1410 1798 1755 1859; x_wconf 82' lang='lat' dir='ltr'><strong>laudandum</strong></span> <span class='ocrx_word' id='word_1_123' title='bbox 1792 1801 1859 1861; x_wconf 77' lang='grc' dir='ltr'><strong>δε.</strong></span> 
     </span>
     <span class='ocr_line' id='line_1_20' title="bbox 505 1875 1857 1961; baseline 0.002 -23"><span class='ocrx_word' id='word_1_124' title='bbox 505 1879 832 1939; x_wconf 83' lang='lat' dir='ltr'>tollendum</span> <span class='ocrx_word' id='word_1_125' title='bbox 863 1875 1168 1951; x_wconf 81' lang='lat' dir='ltr'><strong>censebat3</strong></span> <span class='ocrx_word' id='word_1_126' title='bbox 1204 1898 1383 1961; x_wconf 88' lang='lat' dir='ltr'><strong>quum</strong></span> <span class='ocrx_word' id='word_1_127' title='bbox 1412 1878 1565 1938; x_wconf 89' lang='lat' dir='ltr'><strong>aliud</strong></span> <span class='ocrx_word' id='word_1_128' title='bbox 1598 1878 1815 1941; x_wconf 87' lang='lat' dir='ltr'><strong>diceret</strong></span> <span class='ocrx_word' id='word_1_129' title='bbox 1835 1923 1857 1953; x_wconf 88' lang='lat'><strong>,</strong></span> 
     </span>
     <span class='ocr_line' id='line_1_21' title="bbox 505 1958 1177 2019; baseline 0 0"><span class='ocrx_word' id='word_1_130' title='bbox 505 1958 660 2019; x_wconf 83' lang='lat' dir='ltr'><strong>aliud</strong></span> <span class='ocrx_word' id='word_1_131' title='bbox 701 1958 879 2017; x_wconf 84' lang='lat' dir='ltr'>intelli</span> <span class='ocrx_word' id='word_1_132' title='bbox 919 1960 936 2016; x_wconf 93' lang='lat' dir='ltr'>i</span> <span class='ocrx_word' id='word_1_133' title='bbox 973 1958 1177 2019; x_wconf 77' lang='lat' dir='ltr'><strong>vellet.</strong></span> 
     </span>
     <span class='ocr_line' id='line_1_22' title="bbox 584 2035 1859 2122; baseline -0.002 -21"><span class='ocrx_word' id='word_1_134' title='bbox 584 2036 824 2101; x_wconf 85' lang='lat' dir='ltr'><strong>LXIII.</strong></span> <span class='ocrx_word' id='word_1_135' title='bbox 895 2039 1107 2099; x_wconf 74' lang='lat' dir='ltr'><strong>nterim</strong></span> <span class='ocrx_word' id='word_1_136' title='bbox 1158 2036 1448 2099; x_wconf 76' lang='lat' dir='ltr'>Antonius</span> <span class='ocrx_word' id='word_1_137' title='bbox 1489 2035 1625 2122; x_wconf 66' lang='lat' dir='ltr'><strong>fuga</strong></span> <span class='ocrx_word' id='word_1_138' title='bbox 1674 2037 1859 2099; x_wconf 84' lang='lat' dir='ltr'><strong>trans·-</strong></span> 
     </span>
     <span class='ocr_line' id='line_1_23' title="bbox 507 2116 1857 2202; baseline 0.001 -22"><span class='ocrx_word' id='word_1_139' title='bbox 507 2116 726 2201; x_wconf 60' lang='lat' dir='ltr'><strong>gressus*</strong></span> <span class='ocrx_word' id='word_1_140' title='bbox 759 2118 841 2181; x_wconf 72' lang='lat' dir='ltr'><strong>Aa</strong></span> <span class='ocrx_word' id='word_1_141' title='bbox 887 2139 948 2181; x_wconf 86' lang='lat' dir='ltr'><strong>es</strong></span> <span class='ocrx_word' id='word_1_142' title='bbox 983 2164 1002 2193; x_wconf 87' lang='lat'><strong>,</strong></span> <span class='ocrx_word' id='word_1_143' title='bbox 1044 2120 1235 2201; x_wconf 65' lang='lat' dir='ltr'><strong>primi&gt;</strong></span> <span class='ocrx_word' id='word_1_144' title='bbox 1279 2140 1387 2201; x_wconf 87' lang='lat' dir='ltr'><strong>per</strong></span> <span class='ocrx_word' id='word_1_145' title='bbox 1428 2119 1724 2202; x_wconf 76' lang='lat' dir='ltr'><strong>colloquIa</strong></span> <span class='ocrx_word' id='word_1_146' title='bbox 1764 2140 1857 2181; x_wconf 83' lang='lat' dir='ltr'><strong>re-</strong></span> 
     </span>
    </p>
   </div>
   <div class='ocr_carea' id='block_1_3' title="bbox 507 2199 1947 2285">
    <p class='ocr_par' dir='ltr' id='par_1_3' title="bbox 507 2199 1947 2285">
     <span class='ocr_line' id='line_1_24' title="bbox 507 2199 1947 2285; baseline 0.004 -28"><span class='ocrx_word' id='word_1_147' title='bbox 507 2199 702 2280; x_wconf 75' lang='lat' dir='ltr'>pulsus</span> <span class='ocrx_word' id='word_1_148' title='bbox 731 2220 764 2258; x_wconf 97' lang='lat' dir='ltr'><strong>a</strong></span> <span class='ocrx_word' id='word_1_149' title='bbox 872 2242 888 2259; x_wconf 86' lang='lat'><strong>.</strong></span> <span class='ocrx_word' id='word_1_150' title='bbox 925 2200 1004 2259; x_wconf 87' lang='lat' dir='ltr'><strong>Le</strong></span> <span class='ocrx_word' id='word_1_151' title='bbox 1048 2200 1147 2261; x_wconf 87' lang='lat' dir='ltr'><strong>ido</strong></span> <span class='ocrx_word' id='word_1_152' title='bbox 1177 2246 1200 2271; x_wconf 93' lang='lat'>,</span> <span class='ocrx_word' id='word_1_153' title='bbox 1238 2202 1336 2281; x_wconf 82' lang='lat' dir='ltr'><strong>qui</strong></span> <span class='ocrx_word' id='word_1_154' title='bbox 1370 2199 1640 2263; x_wconf 68' lang='lat' dir='ltr'><strong>Pontifex*</strong></span> <span class='ocrx_word' id='word_1_155' title='bbox 1676 2203 1858 2260; x_wconf 80' lang='lat' dir='ltr'>maxi·</span> <span class='ocrx_word' id='word_1_156' title='bbox 1936 2278 1947 2285; x_wconf 40' lang='lat'><strong>·</strong></span> 
     </span>
    </p>
   </div>
   <div class='ocr_carea' id='block_1_4' title="bbox 505 2277 1855 2440">
    <p class='ocr_par' dir='ltr' id='par_1_4' title="bbox 505 2277 1855 2440">
     <span class='ocr_line' id='line_1_25' title="bbox 506 2277 1850 2354; baseline -0.001 -14"><span class='ocrx_word' id='word_1_157' title='bbox 506 2300 634 2340; x_wconf 88' lang='lat' dir='ltr'><strong>mus</strong></span> <span class='ocrx_word' id='word_1_158' title='bbox 668 2283 730 2339; x_wconf 85' lang='lat' dir='ltr'><strong>in</strong></span> <span class='ocrx_word' id='word_1_159' title='bbox 767 2277 840 2341; x_wconf 84' lang='lat' dir='ltr'><strong>C.</strong></span> <span class='ocrx_word' id='word_1_160' title='bbox 881 2278 984 2341; x_wconf 83' lang='lat' dir='ltr'><strong>Cae</strong></span> <span class='ocrx_word' id='word_1_161' title='bbox 1011 2282 1120 2339; x_wconf 76' lang='lat' dir='ltr'><strong>aris</strong></span> <span class='ocrx_word' id='word_1_162' title='bbox 1160 2281 1369 2340; x_wconf 77' lang='lat' dir='ltr'><strong>Iocum·</strong></span> <span class='ocrx_word' id='word_1_163' title='bbox 1393 2280 1553 2341; x_wconf 63' lang='grc' dir='ltr'>ἐπτο-</span> <span class='ocrx_word' id='word_1_164' title='bbox 1581 2298 1804 2340; x_wconf 77' lang='lat' dir='ltr'><strong>creatus</strong></span> <span class='ocrx_word' id='word_1_165' title='bbox 1830 2324 1850 2354; x_wconf 93' lang='lat'>,</span> 
     </span>
     <span class='ocr_line' id='line_1_26' title="bbox 505 2358 1855 2440; baseline 0.002 -23"><span class='ocrx_word' id='word_1_166' title='bbox 505 2359 738 2420; x_wconf 61' lang='lat' dir='ltr'><strong>decreta</strong></span> <span class='ocrx_word' id='word_1_167' title='bbox 759 2360 862 2419; x_wconf 82' lang='lat' dir='ltr'>sibi</span> <span class='ocrx_word' id='word_1_168' title='bbox 884 2360 1156 2440; x_wconf 69' lang='lat' dir='ltr'><strong>Hispania</strong></span> <span class='ocrx_word' id='word_1_169' title='bbox 1176 2406 1195 2434; x_wconf 92' lang='lat'><strong>,</strong></span> <span class='ocrx_word' id='word_1_170' title='bbox 1218 2360 1402 2419; x_wconf 77' lang='lat' dir='ltr'><strong>adhuc</strong></span> <span class='ocrx_word' id='word_1_171' title='bbox 1424 2362 1485 2418; x_wconf 87' lang='lat' dir='ltr'><strong>in</strong></span> <span class='ocrx_word' id='word_1_172' title='bbox 1506 2358 1698 2421; x_wconf 73' lang='lat' dir='ltr'><strong>Gallia</strong></span> <span class='ocrx_word' id='word_1_173' title='bbox 1725 2380 1855 2420; x_wconf 84' lang='lat' dir='ltr'><strong>mo·</strong></span> 
     </span>
    </p>
   </div>
   <div class='ocr_carea' id='block_1_5' title="bbox 505 2438 1953 2521">
    <p class='ocr_par' dir='ltr' id='par_1_5' title="bbox 505 2438 1953 2521">
     <span class='ocr_line' id='line_1_27' title="bbox 505 2438 1953 2521; baseline 0.003 -24"><span class='ocrx_word' id='word_1_174' title='bbox 505 2439 734 2499; x_wconf 80' lang='lat' dir='ltr'><strong>rabatur</strong></span> <span class='ocrx_word' id='word_1_175' title='bbox 770 2461 788 2511; x_wconf 91' lang='lat'>;</span> <span class='ocrx_word' id='word_1_176' title='bbox 827 2460 974 2499; x_wconf 63' lang='lat' dir='ltr'><strong>mox*</strong></span> <span class='ocrx_word' id='word_1_177' title='bbox 1004 2439 1203 2521; x_wconf 80' lang='lat' dir='ltr'>saepins</span> <span class='ocrx_word' id='word_1_178' title='bbox 1242 2443 1301 2503; x_wconf 80' lang='lat' dir='ltr'><strong>in</strong></span> <span class='ocrx_word' id='word_1_179' title='bbox 1338 2438 1703 2519; x_wconf 62' lang='lat' dir='ltr'><strong>conspthm</strong></span> <span class='ocrx_word' id='word_1_180' title='bbox 1744 2462 1855 2501; x_wconf 84' lang='lat' dir='ltr'><strong>ve-</strong></span> <span class='ocrx_word' id='word_1_181' title='bbox 1940 2451 1953 2459; x_wconf 69' lang='grc'><em>“</em></span> 
     </span>
    </p>
   </div>
   <div class='ocr_carea' id='block_1_6' title="bbox 501 2518 1851 2757">
    <p class='ocr_par' dir='ltr' id='par_1_6' title="bbox 501 2518 1851 2757">
     <span class='ocr_line' id='line_1_28' title="bbox 504 2518 1851 2602; baseline 0.003 -25"><span class='ocrx_word' id='word_1_182' title='bbox 504 2520 668 2578; x_wconf 82' lang='lat' dir='ltr'>niens</span> <span class='ocrx_word' id='word_1_183' title='bbox 714 2518 958 2579; x_wconf 84' lang='lat' dir='ltr'>militum</span> <span class='ocrx_word' id='word_1_184' title='bbox 985 2564 1007 2592; x_wconf 88' lang='lat'>,</span> <span class='ocrx_word' id='word_1_185' title='bbox 1043 2540 1225 2600; x_wconf 86' lang='lat' dir='ltr'><strong>quum</strong></span> <span class='ocrx_word' id='word_1_186' title='bbox 1272 2521 1349 2580; x_wconf 70' lang='grc' dir='ltr'><strong>δι·</strong></span> <span class='ocrx_word' id='word_1_187' title='bbox 1380 2520 1605 2602; x_wconf 86' lang='lat' dir='ltr'>Lepido</span> <span class='ocrx_word' id='word_1_188' title='bbox 1648 2542 1851 2581; x_wconf 85' lang='lat' dir='ltr'><strong>omnes</strong></span> 
     </span>
     <span class='ocr_line' id='line_1_29' title="bbox 503 2599 1850 2679; baseline 0.003 -21"><span class='ocrx_word' id='word_1_189' title='bbox 503 2600 884 2679; x_wconf 84' lang='lat' dir='ltr'><strong>imperatores</strong></span> <span class='ocrx_word' id='word_1_190' title='bbox 941 2599 1139 2659; x_wconf 83' lang='lat' dir='ltr'><strong>forent</strong></span> <span class='ocrx_word' id='word_1_191' title='bbox 1188 2601 1458 2662; x_wconf 84' lang='lat' dir='ltr'><strong>meliores</strong></span> <span class='ocrx_word' id='word_1_192' title='bbox 1493 2645 1513 2676; x_wconf 91' lang='lat'><strong>,</strong></span> <span class='ocrx_word' id='word_1_193' title='bbox 1559 2602 1625 2662; x_wconf 82' lang='lat'>&amp;</span> <span class='ocrx_word' id='word_1_194' title='bbox 1660 2601 1850 2662; x_wconf 86' lang='lat' dir='ltr'>multis</span> 
     </span>
     <span class='ocr_line' id='line_1_30' title="bbox 501 2678 1849 2757; baseline -0.001 -17"><span class='ocrx_word' id='word_1_195' title='bbox 501 2678 791 2740; x_wconf 81' lang='lat' dir='ltr'>Antonius</span> <span class='ocrx_word' id='word_1_196' title='bbox 837 2679 982 2749; x_wconf 77' lang='lat' dir='ltr'><strong>dum·</strong></span> <span class='ocrx_word' id='word_1_197' title='bbox 1017 2696 1143 2741; x_wconf 84' lang='lat' dir='ltr'><strong>erat</strong></span> <span class='ocrx_word' id='word_1_198' title='bbox 1182 2678 1403 2741; x_wconf 76' lang='lat' dir='ltr'><strong>sobrius</strong></span> <span class='ocrx_word' id='word_1_199' title='bbox 1432 2726 1453 2757; x_wconf 91' lang='lat'><strong>,</strong></span> <span class='ocrx_word' id='word_1_200' title='bbox 1552 2702 1616 2742; x_wconf 79' lang='lat' dir='ltr'><strong>er</strong></span> <span class='ocrx_word' id='word_1_201' title='bbox 1656 2681 1849 2741; x_wconf 82' lang='lat' dir='ltr'><strong>aversa</strong></span> 
     </span>
    </p>
   </div>
   <div class='ocr_carea' id='block_1_7' title="bbox 501 2756 1847 2844">
    <p class='ocr_par' dir='ltr' id='par_1_7' title="bbox 501 2756 1847 2844">
     <span class='ocr_line' id='line_1_31' title="bbox 501 2756 1847 2844; baseline 0.001 -23"><span class='ocrx_word' id='word_1_202' title='bbox 501 2756 1123 2844; x_wconf 9' lang='lat' dir='ltr'><strong>castrorumypromptor</strong></span> <span class='ocrx_word' id='word_1_203' title='bbox 1132 2760 1291 2825; x_wconf 79' lang='lat' dir='ltr'><strong>vallo</strong></span> <span class='ocrx_word' id='word_1_204' title='bbox 1310 2804 1331 2839; x_wconf 87' lang='lat'><strong>,</strong></span> <span class='ocrx_word' id='word_1_205' title='bbox 1348 2762 1469 2823; x_wconf 85' lang='lat' dir='ltr'>mili</span> <span class='ocrx_word' id='word_1_206' title='bbox 1498 2764 1509 2777; x_wconf 80' lang='lat'><em>⁰</em></span> <span class='ocrx_word' id='word_1_207' title='bbox 1542 2765 1621 2824; x_wconf 78' lang='lat' dir='ltr'><strong>&#39;us</strong></span> <span class='ocrx_word' id='word_1_208' title='bbox 1648 2781 1847 2844; x_wconf 80' lang='lat' dir='ltr'><strong>recep-</strong></span> 
     </span>
    </p>
   </div>
  </div>
 </body>
</html>
