2067 3667
618 289 1072 361 LIBER
1171 291 1231 362 1.
1303 290 1311 298 ”
1501 313 1590 392 33

234 407 461 472 micilio
494 407 695 476 civitas
716 451 739 483 ‚
766 429 887 470 non
920 408 1112 470 deleta
1133 450 1156 482 ‚
1183 429 1306 470 non
1341 409 1550 476 obruta
1567 455 1592 488 ,

232 489 339 552 sed
374 491 601 574 expiata
730 492 838 551 tius
882 491 948 554 &
988 487 1215 552 lustrata
1255 491 1523 552 videatur
1561 493 1592 554 ἒ

230 569 414 656 Igitur
444 568 575 654 post
687 587 867 631 ettam
900 591 935 630 a
974 570 1200 632 Manlio
1218 614 1239 644 ,
1273 569 1590 637 restitutam

228 671 268 712 a
316 650 569 714 Camillo
612 651 840 724 Urbem
879 695 900 725 ,
944 653 1129 713 acrius
1178 654 1353 712 etiam
1402 654 1590 716 vehe-

228 730 590 816 mentiusque
617 733 677 792 in
704 729 977 793 finitimos
998 730 1322 794 resurrexit.
1351 732 1442 796 Ac
1465 735 1590 816 pri-

228 833 397 874 mum·
426 815 689 876 omnium
718 812 877 874 illam
907 811 1088 894 ipsam
1119 811 1406 875 Gallicam
1481 835 1585 877 en·

224 888 349 954 iem
393 891 517 956 non
564 910 871 956 contentus
920 893 1212 954 moenibus
1257 835 1532 975 expuliffl‘e
1561 939 1586 970 ‚

226 995 411 1056 quum
440 994 548 1055 per
578 973 803 1035 Italiam
830 971 1120 1054 naufragia
1147 971 1243 1033 sua
1276 973 1439 1034 latius
1467 993 1589 1035 tra·

224 1052 394 1114 heret
423 1096 448 1125 ,
490 1055 572 1114 sic
619 1050 995 1135 persequutus
1040 1050 1122 1112 est
1171 1051 1318 1114 duce
1358 1051 1586 1116 Camil-

226 1133 291 1194 lo
313 1178 335 1208 ‚
370 1151 436 1193 ut
469 1132 649 1194 hodie
688 1131 845 1192 nulla
880 1127 1180 1193 Senonum
1220 1129 1461 1216 vestigia
1500 1132 1588 1195 su-

227 1214 469 1296 persint.
509 1210 707 1273 Semel
746 1212 899 1294 apud
940 1211 1249 1272 Anienem'
1271 1213 1588 1296 trucidati*

228 1314 409 1376 quum
440 1293 525 1353 sin
566 1293 709 1354 ulari
735 1295 1046 1356 certamine
1072 1293 1323 1354 Manlius
1345 1315 1584 1356 aureum

224 1391 495 1456 torquem
593 1374 797 1436 arbaro
840 1376 987 1438 inter
1041 1374 1222 1456 spolia
1274 1375 1520 1445 detraxit
1559 1397 1580 1439 ε

222 1455 360 1516 inde
405 1453 711 1538 Torquati.
758 1453 977 1516 Iterum
1021 1453 1336 1536 Pomptino
1388 1477 1530 1550 agro
1554 1501 1580 1530 ,

224 1556 407 1618 quum
449 1537 509 1595 in
550 1536 723 1597 sirnili
759 1556 951 1618 pugna
997 1535 1208 1594 Lucius
1252 1535 1520 1598 valerius
1554 1559 1579 1606 ·,

226 1617 509 1674 insidente
554 1619 731 1696 galeae
776 1613 929 1674 sacra
965 1615 1099 1673 alite
1155 1610 1440 1690 adjutus'‚
1482 1633 1581 1677 re·-

226 1694 358 1756 tulit
402 1693 435 1752 s
468 1693 583 1755 olia
625 1717 640 1755 z
689 1695 755 1756 δι
802 1692 939 1754 inde
992 1689 1255 1753 Corvini.
1308 1690 1584 1758 Taindem

223 1773 357 1860 post
398 1717 471 1834 ali
516 1792 618 1836 uot
657 1795 837 1835 annos
862 1818 883 1848 ,
920 1793 1124 1836 omnes
1166 1767 1432 1856 reliquia&
1473 1795 1582 1836 eo-

222 1878 353 1917 rum
388 1857 447 1915 in
531 1858 703 1917 truria
738 1854 808 1916 ad
848 1855 1034 1916 lacum
1067 1853 1408 1916 Vadimonis
1445 1851 1588 1916 Do-

221 1934 433 1998 labella
480 1936 715 1998 delevit-
753 1957 769 1995 τ
817 1956 892 1996 ne
933 1937 1062 2017 quis
1107 1932 1349 1996 exstaret
1391 1937 1449 1995 in
1505 1953 1588 2020 ea,

224 2035 398 2157 gente
420 2059 439 2090 ,
476 2013 910 2097 quaeincensam
942 2037 975 2078 a
1005 2014 1063 2075 se
1083 2013 1334 2078 Romam
1365 2015 1590 2102 urbem:

225 2117 267 2180 g
288 2113 593 2160 ornaretur.

659 2386 1148 2506 w
