2067 3667
1808 291 1887 304 ...σο

563 317 706 384 ¹44
852 295 931 364 L.
981 295 1347 376 ANNAEI
1394 295 1693 364 FLoflt

555 415 708 474 tolio
737 413 899 476 Iovis
933 412 1114 494 ipsius
1148 413 1350 473 oculos
1385 433 1666 474 venarum
1703 432 1903 475 cruore

553 493 826 576 ¹respersit
865 515 880 553 τ
920 494 1241 554 Ancharius
1276 492 1399 574 ipso
1436 495 1673 555 vidente
1713 480 1901 554 Mario

559 573 852 636 confossus
895 573 978 634 est
1005 619 1026 649 ,
1072 577 1208 655 quia
1227 573 1476 635 -fatalem
1508 575 1665 634 illam
1698 573 1905 634 scilicet

550 676 792 715 manum
849 676 968 714 non
1023 672 1358 737 porrexerat
1420 655 1697 716 salutanti.
1762 655 1905 716 Haec

552 752 650 796 *tot
686 733 908 795 senatus
937 733 1137 794 funera
1173 738 1317 794 intra
1353 733 1639 795 Calendas
1676 737 1741 796 &
1770 735 1905 796 Idus

553 813 804 877 ianuarii
839 817 1049 876 mensis
1094 813 1330 896 septima
1362 816 1459 874 illa
1486 815 1655 875 Marii
1691 837 1907 898 purpu-

553 916 621 955 ra
664 895 842 956 dedit.
881 894 1051 976 Quid
1096 893 1347 954 futurum
1390 893 1547 968 fuit‚'
1592 898 1667 964 si,
1694 917 1907 956 annum

549 975 878 1037 consulates
915 973 1197 1058 impless‘et
1226 977 1253 1037 ἓ
1288 975 1558 1056 Scipione
1604 975 1909 1038 Norbano-

553 1077 672 1138 que
715 1056 1040 1116 consulibus
1064 1103 1084 1130 ‚
1121 1059 1318 1117 tertius
1366 1056 1462 1117 ille
1509 1055 1684 1118 turbo
1722 1059 1907 1118 civilis

553 1136 786 1196 insaniae
839 1156 968 1198 toto
1032 1137 1226 1198 furore
1286 1137 1550 1198 detonuit
1599 1159 1619 1210 3
1662 1141 1904 1220 ,quippe

552 1239 739 1299 quum
775 1219 910 1278 hinc
949 1217 1081 1278 οξὶο
1124 1219 1383 1299 legiones
1409 1262 1428 1291 ‚
1478 1219 1541 1279 &
1581 1220 1905 1299 quingentae

551 1298 832 1360 ‘cohortes
869 1298 1083 1362 starent
1128 1301 1185 1358 in
1230 1302 1397 1358 armis
1425 1342 1444 1371 ‚
1480 1299 1613 1358 inde
1652 1297 1723 1358 ab
1764 1299 1905 1359 Asia

553 1398 689 1437 cum
727 1378 945 1438 viEiore
977 1381 1229 1438 exercitu
1257 1377 1417 1438 Sulla
1448 1396 1802 1460 properaret.
1832 1379 1906 1440 Et

553 1455 687 1517 sane
727 1477 901 1538 quum
936 1473 1054 1516 tam
1090 1457 1245 1517 ferus
1286 1460 1346 1518 in
1383 1457 1646 1520 Sullanos
1684 1459 1903 1528 Marius

549 1537 743 1600 fuisset
787 1559 805 1610 ;
899 1538 1069 1598 uantii
1117 1537 1333 1599 saevitia
1390 1561 1538 1662 opus
1604 1558 1725 1600 erat
1764 1583 1783 1612 ,
1843 1559 1907 1601 ut

551 1617 710 1679 Sulla
721 1618 798 1678 de
822 1559 1010 1679 wilario
1033 1620 1419 1680 vindicaretur
1434 1665 1447 1679 .
1474 1619 1726 1680 Primum
1750 1621 1905 1700 apud

553 1696 826 1780 Capuam
866 1699 966 1759 sub
1014 1721 1183 1760 amne
1223 1699 1515 1760 Vulturno
1556 1703 1717 1782 signa
1762 1724 1906 1762 con-

556 1798 794 1838 currunt
829 1801 852 1851 3
883 1782 955 1840 δι.
993 1779 1179 1840 statim
1212 1779 1472 1842 Norbani
1502 1779 1655 1840 fusus
1690 1785 1908 1856 exerci-

555 1875 670 1918 tus.
691 1858 897 1918 Statim
929 1881 1133 1920 omnes
1160 1858 1444 1940 Scipionis
1472 1864 1685 1943 copiae,
1720 1862 1908 1922 osten·-

553 1941 673 2000 tata
700 1937 798 2021 spe
829 1941 984 2020 pacis
1008 1985 1026 2012 ‚
1060 1939 1354 2021 oppress'ae.
1386 1941 1545 2001 Tum
1578 1941 1795 2002 Marius
1822 1941 1906 2022 ju-

517 2092 522 2098 ,
553 2021 722 2084 ‘venis
739 2064 758 2093 ‚
787 2022 851 2082 &
878 2017 1076 2081 Carbo
1104 2019 1399 2094 consuleS,
1428 2020 1588 2105 quae-i
1612 2022 1909 2104 desperata

553 2099 803 2162 ‘viiioria
829 2146 848 2175 ‚
899 2121 974 2160 ne
1019 2101 1181 2161 inulti
1258 2103 1469 2163 erirent
1492 2147 1511 2178 ‚
1555 2105 1615 2162 in
1662 2105 1909 2164 antecess

549 2179 681 2241 sum
733 2179 998 2263 sanguine
1050 2180 1181 2242 sena
1246 2204 1271 2241 s
1322 2183 1429 2242 sibi
1512 2184 1846 2245 arenta'bant
1884 2207 1907 2259 3

558 2259 894 2342 obsefflaque
949 2262 1109 2321 curia
1130 2305 1153 2333 ,
1197 2265 1278 2322 sic
1331 2263 1405 2323 de
1472 2281 1642 2324 enatu
1673 2310 1694 2339 ,
1738 2271 1909 2345 quasi

539 2343 632 2402 ‚de
687 2361 919 2402 carcere
957 2385 979 2412 ,
1036 2345 1135 2424 qui
1196 2341 1579 2425 'ugularentur
1609 2389 1628 2418 ‚
1656 2372 1668 2386 ¹
1690 2344 1909 2408 eduffl.

553 2421 729 2500 Quid
758 2421 1026 2482 funerum
1066 2425 1125 2480 in
1196 2435 1305 2482 oro
1328 2469 1350 2494 ‚
1379 2427 1447 2483 -in
1484 2428 1641 2485 circo
1662 2467 1681 2496 ,
1714 2428 1775 2484 in
1811 2447 1909 2506 pa·

547 2501 806 2562 tentibus
838 2503 1072 2581 templis
1104 2501 1128 2562 ἓ
1160 2502 1313 2562 Nam
1344 2503 1632 2583 Quinfiius
1666 2505 1909 2568 Mucius

547 2581 818 2643 Scaevola
835 2579 1099 2664 pontifex
1114 2625 1134 2655 ,
1152 2581 1413 2646 Vestales
1432 2587 1723 2666 amplexus
1746 2609 1873 2648 aras
1885 2633 1907 2661 ‚

547 2663 931 2744 tantumnon
975 2663 1189 2737 eodem
1229 2665 1363 2748 igne
1411 2665 1696 2746 sepelitur.
1716 2667 1907 2729 ‘Lam-

539 2745 760 2829 ponius
779 2762 949 2829 atque
970 2741 1277 2810 Telesinus
1298 2790 1321 2823 ,
1350 2743 1665 2826 Samnitum
1686 2749 1869 2808 duces
1885 2795 1905 2820 ,

1266 2863 1275 2872 ⁴
1650 2833 1906 2892 atrociiJs
