2067 3667
480 323 574 416 76
723 321 792 390 C.
849 323 1117 389 VELL.
1168 321 1565 390 Panae.

479 440 688 522 Neque
732 437 861 522 post
895 437 1189 500 Numidici
1236 436 1495 498 exsilium
1519 437 1635 498 'ant
1678 439 1837 500 redi·-

477 540 600 582 tum
621 565 640 594 ,
673 519 970 602 quisquam
1009 536 1105 578 aut
1146 518 1408 600 expulsus
1446 519 1786 580 invidiosius
1806 563 1833 593 ,

481 621 578 664 aut
621 619 884 680 receptus
937 598 1019 660 est
1064 599 1245 658 laetiiis
1290 621 1303 657 :
1355 598 1516 660 cu'us
1562 601 1769 662 domus
1808 647 1854 673 ,.

521 683 652 742 uam
693 679 890 740 infeste
925 701 958 738 a
993 678 1212 740 Clodio
1246 623 1478 758 disjeda
1520 699 1639 740 erat
1664 726 1683 755 ,
1716 699 1855 741 tam,

479 704 520 822 P
549 763 740 822 eciose
762 783 795 822 a
815 757 1006 821 senatu
1031 759 1285 820 restituta
1308 759 1409 821 est.
1431 759 1599 820 Idem
1612 760 1675 821 P.
1693 760 1835 822 Clo-

479 785 608 903 tiius
632 844 692 902 in
727 840 916 902 senatu
939 885 958 914 ,
983 839 1085 901 sub
1118 839 1701 902 honorificentissimo
1727 843 1835 902 mi·
1899 903 1903 906 ,

482 923 700 987 nisterii
725 923 894 982 titulo
909 965 930 996 ‚
947 921 1042 984 Μ.
1062 919 1351 982 Catonem
1378 944 1409 981 a
1433 922 1723 1004 republica
1744 943 1835 983 re-

477 1006 732 1088 legavitt
757 1007 974 1086 quippe
1003 1003 1193 1085 legem
1224 1003 1353 1062 tulit
1378 1048 1397 1077 ‚
1426 1019 1490 1061 ut
1513 1005 1560 1062 is
1588 1001 1833 1084 quaestor

483 1103 618 1151 cum
641 1085 764 1164 jure
797 1086 1069 1165 praetorio
1090 1129 1109 1156 ,
1140 1081 1361 1161 adje&o
1396 1085 1565 1143 etiam
1589 1082 1837 1164 quaesto·

481 1187 547 1228 re
579 1211 598 1240 ‚
641 1168 964 1226 mitteretur
1013 1167 1073 1224 in
1118 1163 1359 1224 insulam
1403 1161 1669 1244 Cyprum
1700 1208 1719 1235 ,
1760 1164 1832 1226 ad

483 1247 848 1328 spoliandum
883 1265 1063 1326 regno
1101 1245 1517 1314 Ptolemaeum,
1564 1245 1833 1304 omnibus

481 1347 716 1387 morum
751 1327 908 1386 vitiis
945 1345 1077 1385 eam
1112 1324 1515 1385 contumeliam
1546 1326 1835 1385 meritum.

483 1405 602 1466 Sed
630 1405 730 1465 ine
750 1449 770 1477 ‚
793 1403 895 1464 sub
921 1405 1235 1465 adventum
1261 1402 1500 1465 Catonis
1522 1449 1541 1478 ,
1567 1407 1701 1466 vitae
1722 1403 1835 1465 suae

485 1489 611 1548 vim
641 1486 831 1544 intulit
855 1486 1047 1544 :unde
1083 1487 1382 1564 pecuniam
1419 1485 1518 1546 lon
1560 1485 1593 1544 ὲ
1618 1483 1838 1568 sperata

489 1567 780 1646 majorem
811 1563 964 1628 Cato
993 1565 1245 1625 Romam
1284 1565 1490 1625 retulit.
1521 1505 1657 1644 {jus
1686 1568 1839 1627 inte-

488 1650 756 1730 gritatem
777 1645 992 1707 laudari
1009 1690 1028 1720 ‚
1053 1645 1211 1706 nefas
1233 1645 1346 1706 est:
1370 1645 1665 1706 insolentia
1728 1667 1835 1706 ene

487 1732 650 1812 argui
683 1726 914 1809 potest,
946 1727 1107 1809 quod
1136 1773 1155 1796 ‚
1200 1725 1310 1786 una
1347 1747 1479 1786 cum
1518 1726 1689 1787 consu
1712 1728 1836 1804 'bus

490 1831 558 1868 ac
601 1809 795 1868 senatu
843 1806 1022 1866 effusa
1068 1807 1298 1867 civitate
1344 1807 1579 1867 obviam
1606 1853 1623 1880 ,
1659 1827 1837 1890 quum

489 1909 600 1970 per
633 1887 896 1947 Tiberim
933 1887 1143 1948 subiret
1178 1887 1419 1948 navibus
1442 1933 1461 1962 ‚
1492 1909 1609 1947 non
1638 1889 1763 1948 ante
1788 1891 1835 1947 is

491 1967 742 2051 egressus
774 1965 858 2027 est
877 2012 895 2037 ‚
923 1963 1096 2050 quam
1128 1967 1199 2026 ad
1232 1989 1365 2029 eum
1402 1969 1596 2028 locum
1625 1988 1839 2050 ‚perve-

490 2053 576 2112 nit
598 2093 618 2121 ‚
652 2049 752 2108 ubi
791 2065 910 2109 erat
945 2048 1286 2128 exponenda
1318 2050 1579 2128 pecunia.

531 2173 538 2184 .
575 2128 798 2190 XLVI.
828 2128 1034 2206 Quum
1062 2129 1269 2188 deinde
1286 2131 1561 2188 immanes
1582 2149 1707 2201 res,
1733 2130 1838 2189 vix

493 2211 690 2272 multis
712 2210 1103 2271 voluminibus
1128 2209 1488 2290 explicandas
1511 2253 1530 2282 ‚
1554 2208 1625 2270 C.
1648 2207 1838 2270 Caesar

493 2296 554 2352 in
589 2290 782 2352 Gallia
819 2309 1014 2372 ageret
1047 2311 1065 2362 ;
1098 2309 1205 2350 nec
1244 2307 1546 2364 contentus
1582 2290 1837 2371 plurimis

493 2393 562 2432 ac
599 2371 941 2450 felicissimis
976 2372 1231 2430 vium-iis
1253 2416 1275 2442 ,
1302 2369 1839 2430 innumerabilibus-

498 2472 612 2532 que
675 2454 835 2512 caesis
889 2452 956 2510 δι’
1003 2453 1203 2530 captis'
1228 2450 1475 2511 hostium
1528 2450 1773 2510 millibus
1814 2495 1839 2521 ,

495 2533 670 2590 etiam
704 2534 762 2590 in
793 2532 1140 2593 Britanniam
1166 2530 1462 2610 trajecisset
1488 2535 1797 2592 exercitum
1816 2575 1836 2604 ,

491 2612 740 2676 alterum
774 2631 920 2694 pene
955 2612 1202 2692 imperio
1234 2610 1431 2673 nostro
1456 2631 1521 2672 ac
1548 2610 1651 2672 suo
1682 2633 1839 2693 quae·
1866 2637 1873 2644 ·

487 2711 628 2750 sens
663 2691 866 2751 orbem
899 2711 912 2752 ε
946 2693 1173 2751 interim
1205 2714 1307 2774 par
1338 2691 1632 2754 consulum
1666 2692 1840 2753 Pom-

485 2775 656 2861 peius
679 2773 741 2834 &
763 2769 983 2835 Crassus
1003 2773 1241 2836 alterum
1260 2776 1437 2855 iniere
1462 2773 1839 2848 consulatum,
1864 2825 1873 2832 .
