2067 3667
530 269 973 346 Ltssssn
1069 235 1578 377 1V.''155

212 389 363 455 latio
406 393 614 476 erupit.
650 393 777 454 Jam
813 393 1098 478 Pompeio
1139 393 1406 478 suspefib
1447 395 1583 458 <3ae-

216 472 361 536 saris
394 494 541 556 opes
570 517 591 548 ‚
636 474 703 538 &
747 472 961 538 Caesari
1001 476 1357 558 Pompeiana
1392 477 1580 562 digni-.-

218 572 311 614 tas
446 556 556 616 vis.
592 553 724 616 Nec
768 555 863 616 hic
902 555 1130 619 ferebat
1173 579 1371 640 parem
1399 602 1421 632 ,
1469 580 1578 621 nec

167 693 171 696 ,
217 634 318 695 ille
341 701 349 707 ‚
374 657 413 695 u
458 637 723 696 eriorem.
749 634 929 698 Nefas
966 637 983 698 l
1026 642 1108 699 sic
1145 639 1220 700 de
1261 641 1582 721 principatu

216 657 557 777 laborabant
572 759 593 790 ‚
634 733 929 804 tamquam
974 718 1124 780 duos
1161 721 1302 782 tanti
1346 722 1576 800 imperii

216 795 453 856 fortuna
484 819 605 858 non
638 816 887 878 caperet.
924 797 1082 881 Ergo
1123 797 1370 862 Lentulo
1411 801 1578 861 Mar-

217 877 492 959 celloque
536 877 915 951 consulibus,
952 880 1122 961 rupta
1156 879 1577 961 prima‘conjue

216 961 459 1020 rationis
490 955 608 1020 fide
631 1001 652 1032 ,
694 958 768 1020 de
804 958 1166 1022 successione
1208 959 1447 1022 Caesaris
1485 961 1574 1024 se·

211 1055 381 1101 natus
404 1081 425 1113 ,
459 1039 521 1100 id
564 1037 648 1100 est
670 1081 695 1111 ,
730 1039 1043 1122 Pompeius
1062 1086 1085 1111 ,
1120 1041 1366 1124 agitabat
1397 1064 1413 1102 ε
1459 1061 1570 1106 nec

213 1118 317 1180 ille
362 1119 649 1181 abnuebat
674 1164 695 1194 ‚
740 1123 789 1182 si
834 1123 981 1182 ratio
1028 1120 1111 1182 sui
1196 1123 1428 1184 roximis
1469 1143 1574 1184 co·

212 1202 389 1262 mitiis
408 1201 727 1262 haberetur.
748 1199 1092 1264 Consulatus
1189 1201 1368 1278 senti,
1391 1223 1570 1286 quem

212 1281 425 1342 decem
456 1281 710 1354 tribuni,
740 1279 975 1343 favente
1003 1281 1288 1365 Pompeio
1314 1328 1338 1356 ,
1375 1303 1560 1365 nuper
1603 1360 1608 1364 ἡ

214 1362 639 1437 decreverant,
680 1378 849 1438 tum,
886 1363 1278 1434 dissimulante
1315 1363 1566 1438 eodem,

212 1441 551 1524 negabatur.
611 1443 826 1504 Veniret
858 1484 879 1514 ‚
945 1443 1002 1504 6·
1052 1461 1250 1526 peteret
1305 1443 1567 1526 majorum

210 1545 375 1584 more.
422 1522 528 1584 Ille
576 1521 778 1585 contra
823 1523 1078 1604 flagitare
1129 1524 1362 1586 decreta
1398 1547 1413 1585 z
1458 1547 1524 1587 ac
1545 1567 1568 1598 ‚

206 1605 331 1665 m‘si
370 1606 429 1666 in
468 1605 585 1684 fide
619 1623 981 1684 pemanerent
1008 1647 1027 1676 ,
1070 1627 1181 1666 non
1211 1603 1273 1683 se
1311 1607 1564 1666 remittere

209 1686 523 1746 exercitum.
562 1683 720 1766 Ergo
759 1701 823 1744 ut
858 1685 921 1743 in
961 1681 1189 1746 hostem
1218 1685 1562 1750 decernitur.

208 1765 325 1826 His
381 1763 571 1827 Caesar
613 1767 849 1847 agitatus
871 1809 893 1836 ,
944 1763 1133 1828 statuit
1188 1770 1418 1846 praemia
1469 1785 1559 1826 ar·

208 1867 447 1906 morum
506 1847 679 1908 armis
743 1844 1078 1906 defendere.
1133 1845 1317 1908 Prima
1381 1847 1564 1908 civilis

208 1927 352 1986 belli
396 1947 567 1988 arena
592 1923 767 1988 -Italia
805 1926 912 1987 fuit
950 1971 971 2001 ,
1008 1923 1174 2005 cujus
1216 1947 1374 1988 arces
1417 1927 1562 1988 levi-

207 2008 321 2067 bus
375 2007 649 2088 praesidiis
706 2005 1017 2145 Pomspeius
1074 2007 1355 2068 insederat
1401 2024 1415 2066 ε
1462 2006 1564 2068 sed

212 2089 412 2148 omnia
472 2086 657 2152 subito
720 2084 823 2146 Cae
849 2087 959 2146 aris
1018 2087 1240 2168 impetu
1301 2087 1562 2168 oppressa

212 2167 358 2230 sunt.
414 2167 602 2228 Prima
659 2165 927 2229 Arimino
990 2166 1151 2249 signa
1211 2170 1564 2230 cecinerunt.

212 2247 375 2312 Tum
404 2248 597 2330 pulsus
635 2245 857 2308 Etruria
884 2247 1033 2308 Libo
1059 2291 1080 2320 ,
1107 2248 1352 2310 Umbria
1381 2245 1564 2309 Ther-

212 2352 345 2392 mus
374 2373 393 2402 ‚
449 2327 745 2390 Domitius
808 2326 1093 2390 Corfinio.
1142 2327 1218 2390 Et
1272 2327 1561 2411 perustum

214 2431 337 2473 erat
376 2409 593 2474 bellum
631 2412 753 2470 sine
788 2408 1056 2493 sanguine
1076 2454 1096 2481 ‚
1137 2412 1184 2470 sl
1220 2408 1564 2491 Pompeium

211 2491 500 2552 Brundisii
546 2513 583 2552 ο
632 2493 876 2572 primere
914 2488 1178 2571 potuiss'et
1219 2513 1234 2552 z
1264 2493 1342 2568 ⁵&
1373 2501 1565 2573 ςῶμα-

211 2589 301 2632 rat
346 2592 362 2632 ε
406 2571 504 2632 sed
548 2574 587 2634 il
612 2593 645 2632 e
692 2593 797 2652 per
838 2570 1055 2632 obsessi
1093 2568 1326 2635 claustra
1363 2572 1563 2651 poi-tus

208 2651 487 2714 nostum&
520 2651 653 2734 fugit
690 2655 892 2714 evasit.
922 2649 1129 2732 Turpe
1155 2650 1304 2711 dian
1335 2652 1350 2712 l
1381 2652 1564 2714 modi>

208 2736 481 2818 princeps
516 2752 739 2816 patrum
762 2775 785 2810 ,
818 2735 975 2814 pacis
1013 2730 1264 2813 bellique
1308 2731 1566 2794 modern?

1181 2807 1324 2874 Ge»
