2067 3667
504 264 805 334 ·str.
860 265 1175 335 Luna
1225 266 1334 339 II.
1501 288 1592 366 59

233 384 377 446 bere
400 382 425 446 ἓ
450 382 625 445 Adeo
658 383 935 445 familiare
969 382 1052 445 est
1073 384 1404 445 hominibus
1421 428 1445 457 ,
1469 390 1598 447 ot'n·

231 468 329 529 nia
374 465 485 525 sibi
528 464 824 548 ignoscere
847 510 870 540 ,
900 465 1046 525 nihil
1086 466 1212 526 aliis
1256 468 1599 542 remittere3

232 550 302 611 δι
336 544 617 608 invidiam
655 566 849 607 rerum
894 566 1015 607 non
1060 546 1136 606 ad
1176 544 1397 608 causam
1425 590 1448 621 ‚
1493 546 1597 609 sed

230 627 310 689 ad
348 625 713 689 voluntatem
754 624 1130 709 personasque
1165 628 1426 713 dirigere.
1455 627 1596 691 Hoc

234 705 529 770 consulatu
544 706 858 789 Pompeius
876 708 1228 769 tribunitiam
1246 707 1592 791 potestatem

231 786 511 851 restituitt
543 784 702 869 cujus
729 786 888 849 Sulla
913 787 1225 873 imaginem
1257 792 1382 851 sine
1411 810 1476 851 re
1498 810 1595 853 re·

228 864 497 953 liquerat.
520 867 685 930 Dum
706 866 1104 932 Sertorianum
1124 869 1350 953 bellum·
1367 872 1428 932 in
1451 868 1595 932 His-

276 952 405 1011 ania
471 952 647 1017 eritur
665 993 688 1023 ‚
716 948 1003 1033 sexaginta
1023 969 1270 1035 quatuor
1296 950 1525 1033 fugitivi
1558 962 1595 1014 e

230 966 378 1094 fudo
400 1051 439 1115 g
460 1032 741 1093 adiatorio
758 1028 964 1113 Capua
989 1030 1162 1112 profi:
1203 1034 1383 1093 ’entes
1403 1078 1422 1108 ‚
1445 1032 1596 1093 duce

232 1110 275 1174 S
318 1129 508 1175 artaco
528 1157 551 1187 ‚
572 1114 750 1194 raptis
773 1131 847 1172 ex
870 1132 939 1173 ea
960 1110 1106 1172 urbe
1133 1132 1171 1195 g
1192 1113 1377 1185 adua,
1401 1114 1594 1196 primo

297 1191 558 1255 esuvium
597 1209 862 1253 montem
899 1193 1126 1275 petiere
1161 1214 1183 1269 ;
1219 1213 1358 1253 mox
1381 1238 1402 1264 ‚
1440 1190 1595 1255 cres-

233 1291 403 1335 cente
430 1276 491 1337 in
522 1274 649 1335 dies
674 1273 1038 1335 multitudine
1059 1318 1078 1345 ‚
1109 1274 1375 1357 gravibus
1397 1272 1595 1337 variis-

233 1355 350 1437 que
374 1355 599 1417 casibus
628 1350 874 1416 affecere
904 1353 1126 1415 Italiam
1155 1378 1172 1418 z
1201 1374 1450 1439 quorum
1485 1376 1592 1415 nu·
1625 1414 1634 1420 ,

231 1456 431 1497 merus
460 1437 522 1497 in
554 1451 771 1499 tantum
810 1435 1108 1507 adolevit,
1141 1452 1207 1499 ut
1242 1436 1355 1532 qua
1385 1436 1594 1519 ultimo

235 1517 589 1579 dimicavere
621 1518 743 1577 acie
762 1563 778 1586 ,
804 1516 1176 1599 quadraginta
1200 1516 1380 1583 nullia
1407 1516 1596 1579 homi-

232 1615 377 1659 num
426 1595 485 1658 se
537 1596 807 1657 Romano
866 1598 1146 1661 exercitui
1199 1618 1236 1655 o
1281 1596 1595 1679 posuerint.

235 1675 431 1757 Hujus
474 1678 675 1760 patrati
728 1677 910 1763 gloria
967 1696 1148 1759 penes
1194 1619 1288 1737 NE
1331 1673 1594 1737 Craffum

235 1758 380 1830 fuit,
398 1778 537 1817 mox
551 1757 950 1819 Romanorum
970 1760 1232 1817 omnium
1251 1758 1593 1841 principem.

320 1836 570 1899 XXXI.
610 1836 1001 1899 Converterat
1024 1836 1138 1899 Cn.
1169 1836 1432 1917 Pompeii
1460 1858 1596 1921 per·

233 1918 374 1981 sona
412 1936 605 1983 totum
654 1920 715 1979 in
756 1919 813 1979 se
872 1938 1152 1982 terrarum
1199 1919 1404 1983 orbem
1443 1938 1480 1994 ,’
1527 1920 1594 1983 &

234 2020 343 2087 per
384 2002 579 2061 omnia
633 1997 821 2081 major
872 2002 1000 2061 cive
1055 1998 1370 2060 habebatur
1418 2020 1435 2057 ε
1495 2000 1597 2085 qui

280 2100 419 2141 uum
460 2078 659 2141 consul
739 2100 976 2165 erquam
1020 2079 1383 2147 laudabii'rter
1417 2074 1597 2159 juras-

236 2102 322 2222 ?et
342 2205 361 2233 ,
386 2159 453 2239 se
486 2163 545 2221 in
579 2184 663 2223 nu*
700 2184 789 2223 am
816 2163 1162 2243 provinciam
1201 2183 1270 2220 ex
1299 2182 1362 2227 ‚eo
1399 2158 1599 2241 mgisa

235 2260 385 2303 tram
424 2244 622 2305 iturum
646 2287 665 2312 ,
704 2242 880 2323 idque
920 2238 1186 2307 setvssffet
1205 2284 1227 2321 ‚
1257 2238 1388 2331 post
1419 2240 1597 2304 bien-

234 2324 401 2383 nium
444 2322 524 2383 A.
558 2320 852 2389 Gabinius
895 2322 1150 2383 tribunus
1191 2321 1380 2405 legem
1424 2321 1596 2405 tulit,
1668 2330 1672 2334 “

236 2420 342 2476 ut,
373 2422 551 2485 quum
574 2402 715 2469 belii
734 2422 901 2464 more
926 2448 945 2477 ‚
979 2423 1098 2465 non
1124 2402 1558 2467 latrociniorum
1574 2447 1597 2485 ρ

236 2485 451 2545 orbem
473 2483 742 2545 classibus
771 2482 889 2567 jam
908 2529 926 2558 ,
944 2504 1078 2544 ·non
1105 2483 1330 2546 fiartivis
1355 2484 1596 2567 expedi·

234 2564 529 2636 tionibus,
552 2566 751 2645 piratae
770 2576 1096 2640 terrerent,
1165 2562 1395 2629 uasdam'
1421 2568 1597 2626 etiam

235 2643 418 2707 Italiae
468 2646 639 2706 urbes
690 2642 1039 2728 diripuissent
1064 2690 1082 2715 ‚
1179 2666 1238 2706 n.
1279 2644 1597 2729 Pompeius

226 2721 317 2788 ιδ
351 2746 455 2788 eos
490 2727 907 2810 opprimendos
938 2728 1260 2867 niitteretg
1277 2770 1300 2797 ,
1326 2722 1596 2817 ‘essetque

971 2838 979 2847 ·
1284 2828 1344 2887 v,
