2067 3667
480 312 928 382 LJBER
1029 311 1202 382 ΙΙΙ.
1404 329 1535 412 143

181 431 437 525 atrocius
474 427 700 510 Pyrrho
733 431 798 492 ὃ(
837 427 1127 491 Annibale
1164 429 1546 513 Campaniam

185 511 476 674 ξζῖἓῗὲω
508 511 1545 674 ἒενέἰιῖιῑῖἒέἓῗῖ“ἑ,ξηῗεζὲἓρῖᾞὲἵ

183 669 618 766 (Jollinamque
659 688 846 766 oftam
862 671 1160 772 debellat?
1188 694 1389 734 omnes
1414 672 1547 732 hos-

183 767 640 974 ΞΕέ-εξὲὶξιῧεε
657 751 1079 894 lildgrliartlgrsndn
1095 753 1541 915 ὴέἑάἶιῖιιιεῗιέῗιῗ

231 933 262 972 e

185 994 364 1134 {ludii
398 1017 419 1068 3
451 994 1022 1074 animadversumque
1066 996 1126 1054 in
1164 1013 1267 1054 eos
1290 1039 1310 1066 ‚
1348 995 1448 1076 qui
1480 993 1543 1054 se

253 1090 398 1135 onte
428 1073 781 1134 dediderant.
813 1072 1010 1134 Minus
1046 1073 1167 1144 est,
1194 1073 1355 1157 quod
1385 1074 1543 1155 apud

183 1097 617 1237 sacriportum,
653 1156 717 1214 ὃ(
753 1154 906 1235 apud
941 1152 1231 1215 Collinam
1266 1172 1491 1237 portam
1514 1200 1540 1228 ,

185 1233 539 1316 septuaginta
582 1256 675 1293 am
717 1233 820 1294 libs
851 1235 1031 1295 millia
1067 1233 1221 1294 Sulla
1266 1235 1541 1296 concidit.

185 1315 416 1376 Bellum
472 1331 610 1375 erat.
656 1256 931 1394 &uatuor
981 1315 1160 1375 millia
1206 1316 1541 1376 deditorum

184 1397 498 1457 inermium
545 1397 761 1456 civium
809 1398 870 1454 in
910 1395 1049 1457 villa
1087 1396 1319 1478 publica
1360 1399 1541 1456 inter-

186 1476 286 1538 fici
323 1476 506 1557 jussit.
561 1475 658 1536 Isti
701 1492 790 1536 tot
833 1478 894 1534 in
973 1495 1073 1537 ace
1123 1499 1142 1550 ;
1181 1497 1302 1537 non
1341 1476 1537 1556 plures

185 1557 317 1618 sunt
353 1558 378 1618 ἓ
436 1555 592 1636 Quis
647 1573 840 1615 autem
885 1558 924 1615 il
948 1577 1014 1616 os
1059 1555 1247 1636 potest
1290 1577 1541 1636 compu-

185 1654 310 1702 tare
334 1682 358 1710 ,
385 1657 533 1719 quos
567 1639 628 1696 in
663 1635 827 1698 Urbe
864 1638 1077 1717 passim
1096 1682 1113 1706 ,
1146 1634 1393 1718 quisquis
1432 1657 1540 1697 vo·

186 1719 332 1792 luit,
363 1716 624 1780 occidit?
655 1718 844 1777 donec
873 1717 1221 1776 admonente
1244 1713 1539 1792 Furfidio,

186 1802 370 1862 vivere
405 1801 624 1879 aliquos
659 1797 837 1858 debete
859 1839 879 1868 ,
917 1815 978 1858 ut
1015 1795 1176 1876 ffm
1207 1799 1403 1876 quibus
1436 1799 1536 1857 im-

181 1899 428 1963 perarent
446 1903 475 1953 ;
500 1880 799 2020 prcffosita
835 1876 918 1938 est
941 1882 1143 1960 ingens
1176 1878 1271 1938 illa
1306 1877 1537 1939 tabula'z

189 1962 258 2023 ὅ(
304 1981 376 2022 ex
410 1959 533 2042 ipso
669 1957 867 2018 uestris
905 1959 1126 2019 ordinis
1161 1959 1305 2018 flore
1347 1979 1413 2018 ac
1451 1957 1540 2018 se·

309 915 321 928 ’
382 913 511 974 finis
553 912 680 973 fuit.
731 909 916 972 Striffi
965 915 1121 974 enim
1168 915 1233 974 &
1286 916 1346 973 in
1397 935 1543 994 pace

85 2067 92 2073 ·
187 2040 355 2102 natus
399 2041 519 2100 duo
555 2042 636 2100 mi
661 2040 733 2099 lia
767 2037 930 2100 eleffl
964 2083 987 2110 ,
1032 2041 1130 2119 qui
1172 2040 1324 2098 mori
1368 2036 1542 2118 jube-

189 2139 391 2184 rentur
426 2142 442 2182 :
484 2123 627 2180 novi
653 2120 882 2260 Feneris
915 2119 1179 2180 ediRum.
1215 2118 1376 2200 Piget
1405 2117 1539 2198 post

189 2202 316 2264 haec
355 2200 608 2271 referre,
677 2200 906 2260 udibrio
936 2198 1129 2260 habita
1158 2196 1273 2258 fata
1310 2195 1540 2258 Carbo·

187 2283 280 2344 fiis
307 2329 324 2354 ,
362 2281 477 2342 fata
519 2279 720 2341 Sorani
756 2283 1013 2361 pra-,toris
1048 2324 1072 2352 ‚
1116 2296 1287 2360 atque
1334 2277 1539 2339 Venu-

188 2363 293 2426 leii
333 2384 350 2424 τ
395 2362 654 2423 Baebium
697 2362 816 2420 sine
849 2357 1007 2421 ferro
1040 2405 1060 2432 ‚
1101 2361 1210 2420 ritu
1249 2357 1541 2432 ferarum,

187 2445 342 2505 inter
391 2463 592 2503 manus
643 2439 912 2502 laniatum
959 2463 974 2500 ε
1030 2439 1281 2500 Marium
1307 2484 1328 2515 ‚
1374 2440 1537 2502 ducis

187 2525 372 2606 ipsius
413 2522 648 2584 fratrem
664 2565 688 2593 ,
720 2521 872 2603 apud
908 2519 1103 2584 Catuli
1133 2519 1495 2602 sepulchrum
1516 2562 1541 2594 ,

189 2605 379 2666 oculis
414 2647 435 2677 ,
471 2602 732 2664 manibus
771 2645 792 2676 ,
834 2601 1199 2683 cruribusque
1242 2599 1485 2660 defossis
1516 2643 1543 2672 ,

191 2684 488 2748 servatum
543 2681 894 2764 aliquamdiu
932 2724 954 2754 ‚
1016 2698 1081 2742 ut
1144 2701 1249 2760 pet
1322 2680 1545 2762 singula

191 2765 464 2832 membra
481 2780 821 2830 moreretur.
833 2761 1041 2828 Positis
1064 2761 1417 2844 singulorum
1434 2760 1547 2828 hoe

1244 2837 1306 2904 G
