2067 3667
1474 77 1495 106 'J

1436 110 1472 162 l(

1415 171 1432 197 '-

549 277 828 350 Htsr.
879 280 1184 350 LIBER
1234 279 1343 350 II.
1469 301 1601 378 133

257 394 382 458 siffe
399 397 575 458 laetati
594 397 860 458 homines
881 441 899 469 ,
919 413 1033 458 tam
1058 399 1230 479 paqu
1254 395 1383 480 post
1404 397 1611 462 obiisse

258 477 646 540 Censorinum
680 480 740 538 in
774 477 976 540 iisdem
1008 481 1323 560 provinciis
1393 483 1608 541 avite!

255 560 390 620 tulit
434 561 639 620 civitas
662 602 682 632 ‚
716 560 906 619 virum
948 559 1315 620 demetendis
1394 563 1611 626 ominiq

255 638 363 699 bus
385 641 660 720 genitum.
681 637 1022 700 Armeniam
1052 639 1263 700 deinde
1293 639 1562 722 ingressus
1578 683 1611 712 ,

255 721 442 800 prima
467 737 628 802 parte
645 719 906 780 introitfis
966 719 1197 801 rospere
1216 723 1393 802 gessit
1420 743 1440 795 ;
1462 741 1607 782 mox

256 801 320 860 in
353 799 704 883 colloquium
735 797 874 882 (cui
929 821 962 862 e
987 800 1206 862 temere
1237 801 1609 883 crediderat)

257 880 411 942 circa
444 880 784 962 Artageram
819 877 821 886 ’
857 882 1071 942 raviter
1104 903 1139 940 a
1174 881 1432 964 quodam
1451 923 1472 954 ,
1494 901 1611 942 no-

257 962 414 1022 mine
448 959 669 1022 Adduo
689 1005 710 1033 ,
738 980 821 1028 vu
883 979 1105 1035 eratus,
1132 981 1207 1021 ex
1239 982 1314 1022 eo
1335 1004 1355 1034 ‚
1383 979 1449 1022 ut
1475 982 1611 1021 cor-

299 1039 590 1102 us'minits
620 1040 811 1101 habile
831 1085 850 1115 ,
882 1043 961 1102 ita
989 1044 1242 1102 animum
1273 1043 1461 1103 minias
1492 1043 1609 1104 uti·-

283 1142 376 1182 em
409 1124 494 1182 rei
535 1121 734 1182 ublieae
776 1121 989 1182 habere
1023 1124 1227 1201 coepit.
1265 1120 1393 1182 Nec
1428 1121 1610 1184 defuit

259 1223 450 1265 conve
501 1203 620 1264 atio
660 1202 1002 1275 hominum,
1033 1205 1178 1264 vitia
1214 1199 1336 1283 ejus
1373 1201 1610 1263 ass‘enta-

259 1284 420 1344 tione
465 1280 797 1364 alentium(
834 1286 1051 1343 etenim
1105 1281 1329 1363 semper
1386 1303 1610 1366 magnae

257 1361 508 1424 fortunae
553 1383 752 1425 comes
789 1361 946 1424 adest
987 1360 1293 1444 adulatio)
1333 1382 1438 1443 per
1478 1383 1609 1444 quae

261 1444 336 1505 eb
377 1443 575 1505 ὀαᾶιιε
613 1461 766 1516 erat,
800 1460 864 1504 ut
899 1445 960 1504 in
999 1444 1204 1505 ultimo
1241 1464 1309 1504 ac
1339 1445 1613 1504 remotis-

261 1526 409 1585 simo
433 1541 710 1586 terrarum
735 1526 891 1585 orbis
925 1523 1133 1606 angulo
1162 1522 1569 1584 consenescere
1588 1565 1619 1597 ‚.

261 1605 438 1687 quam
471 1605 724 1664 Romam
761 1604 986 1684 regredi
1008 1646 1032 1672 ,
1066 1603 1280 1662 mallet.
1315 1601 1439 1667 Diu
1473 1604 1610 1666 inde

261 1682 566 1746 relustatus
598 1727 624 1754 ‚
661 1681 986 1763 invitusque
1036 1699 1333 1742 revertens
1384 1685 1445 1741 in
1492 1683 1611 1743 Ita-

263 1765 400 1826 liam
416 1808 437 1835 ,
456 1765 516 1823 in
531 1763 672 1823 urbe
692 1763 890 1844 Lyciae
911 1760 1243 1844 (Limyram
1269 1765 1567 1825 nominant

261 1845 476 1906 morbo
518 1844 665 1905 obiit
705 1865 725 1918 ;
769 1864 947 1925 quum
991 1863 1128 1904 ante⁴
1170 1864 1381 1903 annum
1425 1841 1573 1906 ferm

261 1925 332 1987 L.
353 1923 546 1988 Caesar
569 1969 590 1999 ‚
625 1924 800 1986 frater
835 1922 962 2005 ejus
983 1970 1004 2000 ,
1041 1921 1341 2006 Hispanias
1364 1941 1569 2005 petens
1584 1965 1613 1998 ‚

262 2003 536 2066 Massilia
572 2003 916 2067 decessisset.
1596 2039 1603 2046 ·

347 2083 540 2145 CIII.
579 2083 694 2146 Sed
746 2084 974 2146 fortuna
1014 2129 1042 2157 ,
1090 2105 1223 2168 quae
1270 2082 1615 2149 subduxerat

264 2163 428 2247 spem
454 2168 646 2247 magni
675 2167 920 2224 nominis
938 2211 957 2239 ‚
981 2164 1101 2245 jam
1126 2183 1251 2226 tum
1283 2165 1614 2245 reipublicae
1734 2217 1738 2221 .

263 2247 364 2307 fua
467 2245 690 2306 raesidia
745 2245 1074 2306 reddiderat
1129 2267 1145 2305 ε
1202 2245 1420 2326 quippe
1481 2261 1617 2338 ante

266 2344 423 2468 ἓξὲξ
441 2324 1087 2477 ἓὲἰςέῗέῗῗίῗῖἷ’ἱὲἓὲἇ
1104 2323 1621 2476 5323232323'53'3:

269 2486 350 2546 do
370 2529 396 2556 ‚
430 2487 746 2548 incredibili
775 2487 968 2548 latitia
997 2488 1241 2568 patriam
1268 2486 1624 2565 repleverat.

268 2565 410 2628 Non
451 2566 534 2626 est
577 2568 676 2627 diu
699 2566 1008 2628 runcinus
1056 2565 1245 2626 Caesar
1279 2564 1568 2648 Augustus
1594 2586 1624 2638 3

269 2666 459 2728 neque
495 2649 650 2706 enim
683 2649 1021 2726 quaerendus
1060 2664 1223 2719 erat,
1248 2667 1423 2726 quem
1460 2646 1621 2728 lege-

271 2745 362 2789 ret
391 2769 418 2804 ‚
457 2724 560 2788 sed
597 2726 873 2809 legendus
917 2729 1018 2809 qui
1065 2726 1376 2794 eminebat.
1413 2724 1627 2808 Itaque
