2067 3667
535 305 636 399 '48
724 306 859 387 JC.
915 310 1182 377 VELL.
1232 292 1643 377 Panae.

523 424 636 508 vjus
657 428 949 487 commissi
979 425 1295 506 pati-atique
1328 420 1427 484 sub
1452 420 1584 505 ipfis
1610 422 1898 483 moenibus

546 506 842 590 oculisque
893 508 1048 567 urbis
1096 504 1373 566 Romanae
1413 548 1435 577 ‚
1513 502 1901 585 pugnantibus

543 584 1039 669 speaantibusque
1118 584 1251 645 uam
1288 584 1457 644 fuerit
1495 601 1741 645 eventus
1774 586 1904 643 exi-

545 668 758 729 tiabilis
797 712 817 742 ,
849 670 947 727 vix
993 607 1187 727 veiLis
1224 667 1470 746 exprimi
1512 662 1725 745 potest.
1764 662 1905 725 Post

547 749 664 809 hoc
704 793 725 823 ,
809 767 947 806 uum
989 764 1180 807 utrum
1224 767 1295 805 ue
1342 748 1651 806 exercitum
1676 788 1697 818 ‚
1738 745 1905 805 velut

590 850 751 887 arum
839 828 955 887 ello
999 827 1180 887 exhau
1232 846 1330 885 um
1361 870 1382 900 ,
1417 826 1689 886 laceraret
1726 824 1907 906 pesti-

571 910 726 969 entia
744 952 764 981 ‚
795 906 908 969 Cn.
928 908 1239 990 Pompeius
1261 906 1513 967 decessit
1532 904 1728 985 :cujus
1757 908 1909 965 inte·

545 988 690 1049 ritfis
729 989 1000 1070 voluptas
1022 1033 1043 1063 ‚
1082 986 1404 1047 amissorum
1442 1004 1538 1047 aut
1574 986 1765 1068 gladio
1808 1004 1907 1047 aut

547 1070 770 1134 morbo'
788 1073 1181 1150 civium-pene
1211 1067 1425 1128 damno
1456 1066 1753 1149 repensata
1779 1065 1907 1141 est3

547 1148 802 1231 populus
833 1171 906 1211 ue
941 1150 1280 1219 Romanus,
1312 1168 1483 1231 quam
1506 1150 1651 1208 vivo
1681 1150 1908 1208 iracun-

551 1231 707 1290 diam
746 1232 817 1291 de
863 1247 1023 1289 uerat
1046 1274 1065 1301 ,
1104 1232 1163 1288 in
1204 1250 1305 1289 cor
1347 1250 1412 1287 us
1450 1230 1660 1289 mortui
1696 1245 1907 1288 contu·

549 1310 632 1370 lit.
677 1308 790 1371 Seu
831 1312 957 1371 duae
993 1309 1095 1369 seu
1132 1327 1245 1369 tres
1285 1250 1697 1391 lyompeiorum
1736 1308 1906 1370 fuere

548 1388 777 1450 familiae
797 1434 816 1464 ,
840 1393 1057 1472 primus
1083 1388 1206 1471 ejus
1244 1391 1521 1459 nominis,
1552 1408 1686 1449 ante
1722 1411 1913 1451 annos

501 1489 507 1495 ·
547 1468 674 1530 fere
699 1489 931 1531 centum
964 1469 1249 1553 sexaginta
1276 1469 1409 1529 οᾶο
1429 1513 1450 1541 ,
1474 1467 1560 1548 Q.
1591 1468 1911 1552 Pompeius

550 1572 690 1610 cum
743 1549 853 1612 Cn.
899 1549 1146 1612 Servilio
1190 1549 1389 1611 consul
1438 1548 1565 1610 fuit.
1610 1549 1804 1611 Cinna
1844 1554 1910 1613 ὅ(

549 1629 774 1691 Marius
800 1675 828 1705 .,
868 1632 1024 1691 ‘haud
1060 1632 1367 1691 incruentis
1404 1634 1686 1712 utrimque
1724 1648 1910 1691 certa-

546 1712 803 1773 minibus
829 1713 993 1773 editis
1017 1757 1037 1781 ‚
1060 1712 1285 1773 Urbem
1312 1730 1781 1794 occupaverunt}
1810 1711 1912 1773 sed

549 1795 715 1872 prior
737 1790 1006 1875 ingress'us
1039 1790 1264 1868 Cinna,
1290 1792 1373 1853 de
1404 1793 1738 1873 recipiendo
1771 1792 1914 1854 Ma·

549 1874 642 1933 rio
669 1872 726 1931 le
767 1893 861 1931 em
897 1873 1053 1948 tulit..

634 1950 693 2011 X
772 1951 855 2012 ΙΙ.
899 1951 1052 2012 Mox
1084 1950 1159 2013 C.
1199 1952 1420 2038 Marius
1454 1952 1726 2035 pestifero
1766 1956 1917 2015 civi-

553 2030 664 2093 bus
702 2030 811 2092 suis
845 2033 1028 2093 reditu
1061 2035 1295 2093 intravit
1332 2038 1565 2095 moenia.
1607 2034 1770 2095 Nihil
1816 2036 1917 2097 illa

550 2111 794 2173 vistoria
823 2111 1007 2173 fuiss‘et
1034 2114 1319 2175 crudelius
1341 2116 1361 2190 ’,
1386 2118 1493 2175 nisi
1516 2120 1658 2175 mox
1680 2113 1919 2175 Sullana

551 2190 690 2253 ess‘et
721 2191 908 2253 secuta
939 2216 958 2254 .-
980 2198 1179 2276 'neque
1218 2196 1445 2255 licentia
1480 2198 1539 2255 in
1578 2196 1917 2257 mediocres

553 2272 812 2333 saevitum
835 2318 854 2345 ‚
899 2272 999 2333 sed
1040 2275 1408 2336 excelsissimi
1454 2296 1687 2358 quoque
1733 2294 1916 2359 atque

505 2384 512 2389 ·
551 2356 991 2414 eminentissimi
1016 2357 1262 2415 civitatis
1288 2358 1397 2415 viri
1417 2358 1581 2416 variis
1600 2356 1919 2439 supplicio·-

553 2454 685 2493 rum
721 2436 1026 2515 generibus
1058 2433 1258 2496 affeffl.
1296 2436 1364 2497 In
1395 2439 1464 2496 iis
1496 2435 1692 2496 consul
1730 2436 1922 2499 Oaa-

549 2516 812 2586 vius,vir
832 2513 1107 2573 lenissimi
1128 2518 1332 2591 animi,
1348 2515 1486 2595 jussu
1508 2515 1712 2578 Cinnae
1730 2521 1918 2580 inter-

551 2592 733 2653 fectus
765 2592 864 2653 est.
907 2593 1137 2655 Merula
1172 2615 1363 2657 autem
1384 2642 1403 2670 ,
1437 2600 1534 2692 qui
1574 2597 1633 2658 se
1668 2598 1771 2661 sub
1810 2600 1919 2660 ad-

547 2690 790 2733 ventum
805 2672 1013 2734 Cinnae
1036 2674 1324 2737 consulatu
1350 2678 1744 2753 abd1caverat‚
1765 2683 1921 2741 inci·

502 2771 520 2808 s
547 2754 628 2815 sis
652 2756 812 2818 venis
849 2753 1258 2841 superfusoque
1286 2758 1555 2822 altaribus
1589 2759 1869 2843 sanguine
1898 2808 1918 2835 ,

1758 2862 1925 2923 quos
