2067 3667
470 282 788 359 mma
839 290 1151 360 LGan
1201 289 1308 363 11.
1471 311 1562 391 45

214 403 392 468 Sunae
431 405 736 487 imperium
777 406 917 468 abro
961 424 1152 468 aretur
1186 452 1210 478 ,
1259 406 1333 469 C.
1379 407 1574 471 Mario

212 488 437 550 bellum
466 488 873 549 decerneretur
970 489 1351 549 ‘thridaticum
1370 533 1390 562 ‚
1417 489 1572 549 alias·

215 591 334 652 que
381 569 538 708 lefes
584 567 922 649 perniciosas
970 570 1036 629 &
1075 569 1427 644 exitiabiles,
1462 590 1569 631 ne-

214 668 333 734 que
369 666 432 709 to
458 649 693 710 erandas
730 649 923 709 liberae
958 651 1178 711 civitati
1214 650 1382 710 tulit:
1425 652 1566 731 quin

215 733 393 791 etiam
422 728 508 809 Q.
548 730 811 812 Pompeii
847 728 1094 790 consulis
1139 728 1320 791 filium
1342 776 1362 805 ,
1409 749 1569 791 eum·

214 811 471 893 demque
512 808 682 870 Sullae
728 830 1001 893 generum
1037 856 1061 885 ,
1109 831 1213 891 per
1257 808 1570 873 emiss'arios

214 890 477 952 faffionis
516 889 625 951 suae
662 890 967 951 interfecit.

301 970 489 1031 XIX.
527 970 688 1031 Tum
710 970 865 1031 Sulla
889 970 1184 1031 contraflo
1215 973 1469 1035 exercitu
1499 970 1572 1031 ad

216 1051 448 1112 Urbem
486 1051 695 1125 rediit,
738 1072 979 1131 eamque
1020 1054 1191 1111 armis
1226 1053 1574 1131 occupavit3

216 1132 531 1193 duodecim
556 1132 814 1193 auEiores
850 1150 1134 1191 novarum
1174 1133 1578 1212 pessimarum-

222 1233 339 1295 que
370 1234 561 1274 rerum
585 1258 605 1287 ‚
634 1216 781 1273 inter
852 1234 958 1273 uos
990 1212 1246 1272 Marium
1277 1233 1412 1272 cum
1445 1208 1573 1273 filio

220 1296 288 1355 &
323 1293 385 1355 P.
418 1234 895 1376 Sulpicio‚Ur‡e
935 1294 1292 1367 exturbavit,
1332 1313 1397 1353 ac
1436 1292 1569 1374 lege

218 1374 338 1435 lati
361 1372 582 1435 exsules
612 1373 766 1435 fecit.
795 1371 1110 1455 Sulpicium
1141 1376 1315 1433 etiam
1338 1370 1574 1433 affecuti

220 1457 443 1536 equites
464 1501 483 1530 ,
521 1456 581 1515 in
620 1454 975 1515 Laurentinis
1012 1454 1314 1536 paludibus
1354 1451 1575 1535 jugula-

219 1556 365 1596 vere
401 1558 422 1611 ;
458 1552 740 1618 caputque
778 1533 900 1614 ejus
938 1533 1188 1595 ereflum
1230 1537 1295 1597 &
1326 1532 1574 1593 ostenta-

220 1632 352 1675 tum
387 1637 494 1697 pro
527 1615 719 1676 rostris
743 1658 764 1688 ‚
805 1616 969 1676 velut
1008 1618 1186 1675 omen'
1222 1615 1573 1674 imminentis

221 1694 655 1779 proscriptionis
709 1695 834 1756 fuit.
894 1694 1114 1754 Marius
1171 1691 1300 1774 post
1351 1691 1572 1755 sextum

223 1774 575 1837 consulatum
600 1796 863 1859 annoque
895 1772 951 1835 se
994 1776 1316 1857 tuagesimo
1339 1818 1356 1847 ,
1385 1775 1575 1835 nudus
1631 1833 1645 1838 -

223 1879 292 1917 ac
332 1857 473 1917 limo
515 1857 754 1918 obrutus
773 1902 793 1930 ‚
830 1797 1011 1917 ocufis
1051 1855 1455 1917 tantummodo
1504 1874 1573 1916 ac

220 1939 453 1999 naribus
466 1937 847 1998 eminentibus
862 1980 882 2008 ‚
900 1934 1180 1997 extractus
1196 1935 1536 1995 arundineto
1547 1977 1570 2009 ‚

224 2022 376 2079 circa
412 2018 684 2101 paludem
729 2016 1001 2091 Maricae,
1037 2018 1098 2075 in
1138 2036 1310 2097 quam
1347 2014 1404 2075 se
1423 2060 1447 2087 ,
1483 2014 1573 2075 fu-

227 2102 392 2180 giens
424 2096 800 2160 eonsestantes
835 2095 1004 2157 Sullae
1037 2099 1298 2178 equita,
1336 2095 1573 2155 abdide-

227 2196 324 2239 rat
347 2222 368 2252 ‚
398 2177 607 2257 injesto
642 2181 700 2238 in
735 2177 951 2237 collum
982 2176 1112 2236 loro
1134 2220 1154 2248 ‚
1185 2178 1246 2235 in
1282 2194 1574 2235 carcerem

222 2259 713 2321 Minturnensium
749 2255 895 2337 juffu
927 2255 1242 2317 Duumviri
1273 2252 1575 2349 perduchis

226 2338 331 2401 est.
370 2340 466 2401 Ad
503 2360 677 2423 quem
712 2334 1180 2398 interficiendum
1213 2334 1400 2395 miss'us
1439 2354 1572 2395 cum

225 2421 422 2504 gladio
462 2419 658 2481 servus
701 2419 959 2500 publicus
998 2462 1019 2492 ‚
1061 2419 1290 2477 natione
1331 2413 1576 2477 Germa-

221 2524 337 2561 nus
356 2547 376 2575 ‚
415 2504 515 2583 qui
545 2501 698 2561 forte
752 2499 825 2559 ab
873 2499 1222 2581 imperatore
1256 2516 1330 2557 eo
1355 2540 1375 2570 ,
1414 2496 1573 2558 bel-lo

226 2579 529 2645 Cimbrico
546 2628 565 2655 ‚
578 2598 776 2662 captus
793 2596 941 2653 erat,
963 2597 1026 2640 ut
1048 2579 1284 2663 agnovit
1301 2576 1582 2650 Marium,

220 2684 321 2724 ma
398 2683 439 2723 o
476 2660 688 2743 ejulatu
729 2664 1093 2743 expromenti
1125 2660 1576 2741 indignationem

223 2765 395 2807 casus
438 2745 583 2805 tanti
603 2742 741 2805 ·viri
768 2786 789 2819 ,
825 2739 1052 2823 abjecto
1091 2739 1282 2829 gladio
1319 2734 1576 2823 profugit
