2067 3667
22 2250 186 2495 ff)

619 296 1064 367 Lzssssa
1160 298 1221 368 1.
1506 318 1590 391 17

152 439 160 493 3
240 415 307 478 &
341 415 555 477 facinus
591 418 737 476 intra
777 418 1021 499 gloriam
1062 416 1186 477 fuit.
1223 414 1490 484 Necdiu
1529 420 1588 477 in

238 496 356 557 fide
390 498 664 557 Albanus,
707 497 860 556 Nam
901 497 1178 558 Fidenate
1222 498 1380 557 bello
1427 499 1589 555 missi

237 580 297 637 in
335 579 604 638 auxilium
642 599 713 638 ex
748 577 968 638 foedere
994 624 1013 653 ,
1053 577 1232 638 medii
1259 581 1407 638 inter
1437 578 1584 637 duos

238 657 639 739 exspeCiavere
675 658 981 721 fortunam.
1020 658 1136 719 Sed
1173 680 1274 719 rex
1307 659 1584 730 callidus,

192 768 197 807 ι,
234 740 333 799 ubi
364 740 630 799 inclinare
655 738 839 801 socios
870 741 941 800 ad
964 738 1186 800 hostem
1211 740 1374 801 videt
1394 786 1414 814 ,
1439 736 1587 799 tollit

172 830 174 832 ’
234 821 453 881 animos
476 866 500 891 ,
537 823 697 902 quasi
735 820 853 959 ipse
892 820 1220 881 mandaffet.
1262 820 1406 901 Spes
1448 821 1585 879 inde

180 897 440 960 nostris
467 946 486 973 ,
529 918 715 960 metus
791 900 1023 963 ostibus.
1064 900 1156 960 Sic
1196 899 1348 959 fraus
1387 901 1588 981 prodi-

97 1019 113 1050 e
194 984 428 1063 [fjx-torum
460 982 613 1039 irrita
646 980 768 1039 fuit.
808 980 1006 1063 Itaque
1041 979 1206 1039 hoste
1232 979 1380 1039 vicio
1403 1024 1422 1051 ‚
1451 1002 1589 1059 rup-

200 1064 427 1129 “jtorem
458 1058 694 1119 foederis
734 1059 980 1119 Metium
1012 1059 1300 1119 Fufetium
1327 1104 1344 1129 ‚
1381 1059 1590 1141 religa-

229 1138 234 1147 ι

225 1158 361 1201 &um
400 1144 544 1201 inter
584 1140 732 1199 duos
773 1161 969 1199 currus
998 1184 1019 1212 ‚
1058 1140 1382 1219 pernicibus
1427 1160 1587 1221 equis

214 1212 493 1288 Edistrahit
528 1242 548 1294 ;
584 1220 915 1303 Albamque
966 1218 1142 1303 ipsam
1191 1222 1448 1301 quamvis
1491 1242 1600 1301 pa·-

102 1284 112 1311 τ
193 1334 211 1365 ,2
236 1319 463 1361 rentem
498 1344 517 1371 ‚
568 1301 832 1361 oemulam
869 1319 1060 1379 tamen
1094 1347 1112 1373 ‚
1164 1301 1372 1371 diruit,
1410 1322 1590 1381 quum

82 1444 93 1463 ἶ
175 1373 201 1451 ⁵³
280 1384 391 1440 rius
428 1402 630 1441 omnes
664 1402 807 1463 opes
844 1384 1036 1457 urbis,
1071 1380 1365 1463 ipsumque
1403 1402 1590 1461 popu·

82 1466 84 1493 ³
162 1452 185 1515 ἶ
233 1403 359 1521 sum
394 1460 643 1522 Romam
676 1460 1032 1523 transtuliss'et
1063 1483 1078 1521 :
1155 1463 1337 1522 torsus
1361 1480 1424 1521 ut
1453 1484 1592 1521 con·-

78 1580 80 1582 .
149 1542 163 1574 ι’

231 1540 537 1623 sanguinea
560 1544 763 1603 civitas
792 1566 909 1603 non
934 1544 1074 1625 perii
1121 1564 1152 1600 e
1175 1586 1194 1615 ‚
1223 1540 1320 1601 sed
1343 1545 1402 1601 in
1427 1540 1590 1603 suum

38 2796 98 2857 Χ

130 2922 156 2945 23.

209 3198 235 3273 ἒ

236 1644 451 1703 corpus
488 1621 708 1683 rediiffe
749 1622 936 1685 rursus
971 1622 1288 1683 videretur.
1399 1690 1406 1698 ¹

574 1878 634 1948 C
664 1877 725 1945 A
759 1880 807 1949 P
841 1878 909 1947 U
940 1876 1007 1949 T
1104 1880 1132 1948 I
1166 1880 1252 1947 V.

430 2021 561 2071 DE
632 2020 899 2072 ANco
972 2020 1392 2073 MARCIO.

232 2114 337 2226 ,Α
363 2180 562 2223 Ncus
616 2162 823 2221 deinde
862 2161 1154 2237 Marcius,
1191 2185 1378 2245 nepos
1417 2165 1594 2226 Pom-

233 2244 354 2325 pilii
394 2264 465 2301 ex
506 2240 619 2301 filia
656 2288 674 2315 ,
712 2245 830 2321 pari
869 2244 1123 2323 ingenio·
1167 2244 1280 2303 Hic
1316 2248 1484 2326 igitur
1525 2250 1590 2308 δε

234 2327 452 2383 moenia
484 2344 651 2381 muro
684 2322 977 2401 amplexus
1010 2323 1090 2383 est
1111 2369 1129 2397 ‚
1159 2326 1220 2385 ὅ(
1256 2326 1590 2387 interfluen-

234 2406 358 2463 tem
406 2404 554 2464 Urbi
608 2402 950 2463 Tiberinum
1008 2422 1186 2486 ponte
1242 2406 1532 2467 commisit
1569 2452 1594 2483 ‚

236 2482 579 2564 Ostiamque
615 2488 673 2543 in
705 2484 827 2565 ipso
860 2487 1029 2544 maris
1066 2486 1423 2569 fluminisque
1453 2510 1592 2547 con-

237 2563 381 2625 finio
420 2564 705 2623 coloniam
742 2564 931 2644 posuit
966 2586 981 2624 τ
1013 2565 1130 2646 jam
1168 2585 1287 2627 tum
1323 2568 1612 2628 videlicet*

234 2642 577 2726 praesagiens
631 2647 823 2705 animo
860 2691 880 2717 ,
926 2644 1175 2707 futurum
1221 2693 1238 2717 ‚
1303 2664 1364 2707 ut
1418 2651 1592 2707 totius

231 2725 437 2784 mundi
478 2745 621 2805 opes
658 2726 719 2783 &
750 2745 1106 2786 commeatus
1133 2728 1231 2788 illo
1253 2729 1438 2789 veluti
1463 2750 1591 2799 mae

238 2808 430 2867 ritimo
455 2805 633 2867 Urbis
660 2805 905 2889 hospitio
936 2810 1349 2891 reciperentur.

153 3263 236 3355 15

173 3354 187 3368 μ

42 3421 146 3483 a(

0 3494 121 3613 f
