2067 3667
457 338 552 395 ιο
709 319 780 389 C⁶
837 316 1105 389 ναι..
1155 314 1551 387 ΡΑΊἚΜ.

455 460 596 499 num
637 436 894 517 AEftmia
923 480 942 508 ‚
983 433 1229 519 postque
1266 436 1472 519 viginti
1521 434 1670 509 duos
1714 444 1821 496 ani

457 540 570 580 nos
599 518 859 597 AEsulum
885 520 952 579 &
973 519 1200 578 Alsium
1224 538 1244 591 3
1284 518 1644 656 Fregellcelque
1679 515 1841 598 post..

455 600 801 673 biennium3
843 601 1229 681 proximoque
1271 618 1423 657 anno
1450 644 1467 666 ,
1564 615 1817 679 orquato

457 678 922 761 sempronioque
961 677 1095 739 coss'.
1132 681 1485 740 Brundisium
1511 722 1527 746 ,
1578 679 1643 739 &
1726 676 1819 737 ost

459 762 769 819 triennium
795 764 840 819 S
875 761 1094 819 oletium
1113 780 1139 831 ;
1172 778 1289 839 qno
1324 780 1477 818 anno
1504 754 1675 817 Flora
1698 778 1820 818 ium

457 840 730 900 ludorum
757 839 811 899 fa
904 860 962 899 m
989 838 1071 899 est
1094 840 1317 899 initium
1343 860 1357 899 :
1426 837 1629 913 ostque
1650 838 1821 897 bien·

461 922 623 981 nium
663 920 902 980 deducia
931 921 1190 981 Valentia
1212 964 1231 993 ,
1271 921 1336 980 &
1389 919 1466 979 ub
1500 920 1823 979 adventum

463 1004 526 1061 in
555 1001 776 1061 Italiam
808 1000 1111 1061 Annibalis
1130 1042 1149 1072 ,
1188 1000 1443 1061 Cremona
1478 1016 1650 1081 atque
1688 1002 1825 1067 Pla·-

465 1084 668 1142 centia.
1826 1086 1835 1091 '

481 1190 488 1194 ·
547 1161 696 1223 XV.
737 1162 975 1225 Deinde
1001 1196 1022 1237 5
1063 1180 1251 1245 neque
1286 1160 1426 1220 duni
1461 1159 1725 1220 Annibal
1760 1162 1827 1221 in

465 1242 628 1303 Italia
661 1260 914 1303 moratur
944 1288 963 1314 ,
1001 1262 1192 1323 neque
1230 1244 1506 1323 proximis
1550 1239 1678 1322 post
1720 1248 1833 1301 ex&

467 1322 678 1383 cessum
717 1321 841 1401 ejus
878 1326 1038 1383 annis
1066 1368 1085 1396 ‚
1124 1325 1353 1383 vacavit
1392 1321 1673 1382 Romanis
1718 1344 1827 1382 co-

468 1405 650 1464 lonias
685 1403 935 1464 condere
966 1425 983 1475 ;
1025 1424 1205 1484 quum
1237 1402 1375 1463 effet
1408 1405 1465 1461 in
1498 1403 1655 1464 bello
1687 1424 1831 1463 con«

511 1484 780 1545 uirendus
822 1486 1014 1563 potius
1054 1484 1223 1543 miles
1252 1526 1271 1557 ,
1320 1482 1493 1565 quam
1534 1484 1834 1545 dimitten-

469 1504 577 1624 3ης
614 1609 633 1638 ,
691 1566 756 1626 &
809 1564 937 1644 post
992 1563 1213 1624 bellum
1272 1566 1426 1623 vires
1486 1563 1831 1625 refovenda!

471 1666 564 1706 ma
607 1648 690 1717 is,
723 1646 892 1727 quam
923 1644 1047 1727 spat
1088 1644 1269 1704 endae.
1296 1642 1410 1705 Cn.
1446 1663 1635 1706 autem
1666 1646 1835 1705 Man«

474 1726 556 1787 lio
569 1666 844 1786 {leisone
875 1728 938 1787 &
969 1665 1177 1786 Fuffvio
1210 1724 1515 1786 Nobiliore
1551 1724 1686 1787 cossZ
1716 1730 1835 1789 Bo⁴

469 1810 638 1869 aonia
671 1806 910 1866 dedufia
946 1806 1175 1865 colonia
1199 1852 1216 1874 ,
1260 1806 1463 1866 abhinc
1503 1828 1684 1867 annos
1718 1805 1835 1867 fer-

473 1908 570 1949 me
603 1886 880 1946 ducentos
911 1884 1325 1966 septemdecim
1350 1910 1368 1960 ·,
1394 1889 1458 1947 &
1482 1919 1502 1961 ·,
1530 1888 1659 1968 post
1689 1908 1836 1971 qua-

477 1969 798 2027 driennium
826 2013 846 2039 ‚
890 1967 1180 2049 Pifizurum
1213 1988 1279 2026 ac
1314 1971 1569 2028 Potentia
1592 1992 1619 2043 ;
1656 1971 1836 2028 inter-

475 2046 742 2129 jecioque
773 2051 1020 2108 triennio
1046 2092 1067 2119 ,
1101 2048 1370 2129 Aquileia
1404 2051 1470 2109 &
1506 2049 1777 2129 Gravisca
1804 2072 1834 2123 ,0

479 2130 544 2191 &
581 2127 711 2209 post
744 2129 1179 2211 quadriennium
1211 2131 1385 2189 Luca.
1427 2128 1654 2191 Eodem
1689 2146 1839 2189 tem·

477 2230 688 2291 porum
722 2208 898 2269 traciu
927 2254 946 2283 ‚
979 2228 1326 2290 quamquam
1364 2210 1516 2289 apud
1552 2210 1838 2292 quosdam

477 2292 785 2372 ambigitur
814 2336 832 2364 ‚
877 2291 1141 2350 Puteolos
1178 2290 1577 2372 Salernumque
1614 2292 1681 2352 &
1716 2294 1841 2353 Bu-

479 2390 700 2431 xentum
739 2373 897 2430 missi
931 2372 1146 2430 coloni.
1194 2374 1497 2430 Auximum
1532 2388 1726 2431 autem
1774 2374 1837 2431 in

480 2451 753 2511 Picenum
786 2497 804 2521 ,
865 2451 1069 2511 abhinc
1130 2469 1308 2512 annos
1364 2450 1547 2511 ferme
1602 2470 1839 2513 centum

483 2530 776 2612 ostoginta
809 2530 1026 2613 septem
1054 2576 1073 2605 ‚
1108 2548 1237 2591 ante
1276 2534 1581 2592 triennium
1608 2577 1627 2605 ‚
1660 2533 1840 2613 quam

484 2610 718 2671 Cassius
759 2611 960 2671 censor
986 2657 1005 2682 ‚
1048 2633 1083 2671 a
1118 2612 1416 2691 Lupercali
1460 2615 1517 2671 in
1556 2614 1843 2675 Palatium

484 2690 681 2751 versus
706 2737 726 2763 ‚
767 2692 1052 2751 theatrum
1090 2690 1281 2751 facere
1320 2692 1553 2753 instituit
1590 2716 1604 2753 :
1646 2698 1738 2753 cui
1776 2698 1842 2755 in

487 2772 860 2832 demoliendo
909 2775 1118 2832 eximia
1160 2774 1409 2833 civitatis
1450 2770 1721 2834 severitas
1772 2778 1843 2837 δι

483 2852 688 2935 consul
721 2851 917 2937 Scipio
967 2852 1227 2922 restitere
1262 2875 1281 2915 .·
1314 2854 1475 2938 quo‘d
1528 2874 1641 2941 ego
1690 2858 1844 2916 inter
