2067 3667
538 299 671 370 126
774 298 845 368 C.
902 299 1169 366 VELL.
1220 295 1627 364 Pareae.

529 416 790 500 visusque
845 417 1163 498 praetulerit
1216 413 1534 496 principem
1578 458 1597 487 ,
1638 405 1889 497 quaestor*

529 498 1023 560 undevicesimum
1076 517 1288 558 annum·
1332 513 1507 578 agens
1528 536 1547 566 ‚
1596 493 1885 576 capess‘ere

533 581 710 658 coepit
751 578 1169 658 rempublicam
1206 621 1226 652 ‚
1266 579 1691 656 maximamque
1730 573 1892 635 diffim

533 658 804 720 cultatem
837 679 1079 719 annonae
1102 703 1120 732 ,
1145 678 1209 717 ac
1242 659 1323 718 rei
1348 655 1729 717 frumentariae
1754 659 1883 716 ino-

532 741 688 820 piam
712 783 732 813 ,
764 742 844 798 ita
884 737 1073 799 Ostiae
1104 756 1159 819 at
1202 757 1277 810 ue
1312 741 1371 797 in
1406 736 1571 798 Urbe
1614 737 1889 798 mandato

531 822 723 882 vitrici
767 821 1098 881 moderatus
1134 839 1165 878 e
1250 861 1271 889 ‚
1317 837 1383 878 ut
1429 837 1534 899 per
1582 818 1643 878 id
1670 863 1689 892 ‚
1724 817 1887 902 quod.

535 921 570 959 a
609 900 740 960 ebat
773 943 792 973 ,
833 918 1075 982 quantus
1119 897 1385 960 evasurus
1432 896 1570 959 effer
1612 898 1889 958 eluceret.

601 1001 668 1041 ec
701 981 887 1041 multo
926 979 1057 1062 post
1092 977 1281 1040 miffus
1316 981 1389 1040 ab
1426 979 1639 1040 eodem
1666 981 1887 1041 ‚vitrico

535 1081 670 1123 eum
687 1063 942 1122 exercitu
965 1061 1040 1120 ad
1060 1058 1327 1122 visendas
1344 1105 1363 1131 ,
1394 1057 1845 1142 ordinandasque
1862 1103 1892 1132 ‚

539 1160 667 1224 quae
693 1140 794 1201 sub
817 1139 1065 1203 Oriente
1099 1140 1265 1214 sunt,
1292 1142 1652 1221 provincias»,
1681 1141 1885 1221 praeci-

540 1225 668 1302 puis
705 1224 968 1282 omnium
995 1223 1273 1282 virtutum·
1300 1221 1705 1302 experimentis
1729 1222 1787 1280 in
1811 1241 1891 1280 eo

538 1300 719 1362 traau
737 1303 904 1362 editis
924 1344 945 1373 ,
979 1321 1112 1361 cum
1136 1301 1459 1382 legionibus
1482 1299 1755 1384 ingl-effus
1777 1300 1891 1361 Ar·

536 1383 786 1442 meniam
807 1425 824 1457 ,
853 1379 1083 1442 reda6ia
1116 1382 1185 1442 ea
1219 1384 1277 1439 in
1310 1379 1652 1462 potestatem
1687 1383 1897 1463 populi

537 1461 839 1537 Romani,
884 1481 1125 1543 regnum
1184 1459 1307 1539 ejus
1358 1459 1667 1523 Artavasdi.
1714 1462 1892 1523 dedit.

539 1540 726 1622 Cujus
759 1563 858 1603 rex
887 1561 1122 1624 quoque
1152 1539 1487 1602 Parthorum
1522 1545 1665 1602 tanti
1698 1545 1891 1602 nomi·

541 1626 630 1682 nis
667 1622 822 1684 fama
857 1625 1084 1683 territus
1108 1667 1129 1697 ‚
1168 1623 1383 1684 liberos
1418 1621 1551 1684 suos
1586 1624 1660 1684 ad
1698 1621 1895 1686 Caesa-

541 1724 668 1765 rem
699 1705 852 1763 misit
887 1704 1139 1764 obside&

545 1809 552 1820 ·
623 1781 837 1843 XCV..
862 1783 1181 1844 Reversum
1209 1784 1353 1844 ind'e·
1375 1783 1675 1844 Neronem
1704 1781 1900 1844 Caeffir·

542 1862 696 1922 haud
731 1863 1041 1924 mediocris
1075 1863 1213 1923 beni
1252 1864 1473 1924 molem
1508 1866 1752 1944 experiri
1780 1863 1893 1924 sta·-

543 1945 699 2013 tuit‚
745 1942 1016 2018 adjutore
1054 1945 1247 2024 operis
1298 1945 1435 2003 dato
1488 1943 1659 2004 fratre
1712 1947 1896 2024 ipsius

541 2021 735 2083 Druso
773 2022 1022 2085 Claudio
1047 2069 1067 2098 ,
1105 2043 1281 2105 quem
1320 2026 1470 2083 intra
1510 2021 1745 2085 Caesaris
1788 2045 1901 2106 pe-

541 2121 703 2164 nates
737 2107 903 2164 enixa
943 2122 1061 2164 erat
1096 2103 1279 2164 Livia.
1317 2103 1562 2186 Quippe
1604 2123 1847 2186 uterque
1872 2149 1906 2176 ,

542 2185 744 2246 divisis
779 2187 1030 2266 partibus
1063 2185 1302 2246 Rhaetos
1324 2184 1773 2264 Vindelicosque
1798 2206 1898 2266 ag,-

543 2268 762 2349 gressi,
801 2266 991 2326 multis
1025 2266 1253 2326 urbium
1288 2267 1353 2327 &
1386 2265 1745 2324 castellorum
1782 2285 1898 2346 op-

539 2346 982 2428 pugnationibus
1013 2390 1034 2418 ,
1075 2366 1185 2406 nec
1228 2367 1355 2404 non·
1400 2342 1612 2404 directa
1656 2365 1906 2426 quoque

541 2427 663 2485 acie
706 2424 950 2485 feliciter
992 2424 1207 2497 funffi,
1245 2440 1445 2504 gentes
1487 2423 1629 2483 locis
1680 2428 1899 2485 tutissi-

541 2525 664 2563 mas
685 2545 704 2575 ,
733 2505 889 2563 aditu
924 2502 1281 2564 difficillimas
1301 2547 1320 2576 ‚
1354 2523 1596 2565 numero
1626 2503 1899 2602 frequen·

541 2601 630 2644 tes
650 2628 672 2654 ,
695 2582 914 2644 feritate
950 2601 1137 2644 truces
1163 2629 1181 2659 ,
1217 2582 1437 2663 majore
1464 2606 1596 2645 cum
1632 2587 1901 2668 pernculo

543 2664 717 2746 quam
755 2663 966 2724 damno
1001 2663 1252 2725 Romani
1291 2666 1607 2738 exercitus,
1643 2667 1897 2747 plurimo

541 2763 683 2806 cum·
710 2765 908 2807 earum
938 2744 1206 2828 sanguine
1238 2747 1707 2828 perdomuerunt.
1728 2744 1893 2806 Ante
