2067 3667
536 295 815 373 Htsr.
870 300 1186 369 Ltssm
1223 301 1380 373 II..
1507 322 1657 396 37*

232 414 702 477 committeretur
718 416 847 477 sibi.
862 416 1088 477 Metelli
1108 434 1300 478 tamen
1319 420 1384 480 &
1403 418 1610 479 trium·

232 497 387 577 phus
415 496 523 557 fuit
558 496 938 569 clarissimu5‚
974 498 1039 559 &
1075 500 1388 573 meritum3
1423 501 1608 560 virtu-
1649 546 1654 553 .

232 579 398 658 tique
477 598 548 636 co
630 598 809 637 omen
861 576 1156 641 Numidici
1209 579 1474 640 inditum.
1521 579 1649 641 Ut·

232 658 417 739 paulb
455 674 551 716 ant
616 654 896 718 Domitiae
930 658 1156 719 familiae
1178 702 1198 731 ,
1237 662 1316 719 ita
1350 657 1604 722 Caeciliae

230 738 492 799 notanda
525 737 803 799 claritudo
847 736 928 800 est
960 762 987 805 :,‚
1007 743 1221 822 quippe
1255 742 1405 807 intra
1447 740 1601 801 duo·
1641 782 1654 792 -

235 819 434 882 decim
469 815 654 878 ferme
693 839 873 879 annos
920 817 1088 899 hujus
1136 837 1256 882 tem
1299 823 1418 881 oris
1455 832 1618 894 cona.

234 898 389 959 sales
439 897 600 959 fuere
638 898 892 969 ‚Me-‚tellj
919 944 939 973 ,
995 916 1092 964 aut
1135 921 1243 960 cen
1269 921 1401 961 ores
1439 946 1460 975 ‚
1501 916 1613 971 ,aut

234 980 658 1060 triumpharunt
712 981 956 1060 amplius
994 980 1305 1047 duodecim
1342 1003 1363 1056 3
1404 998 1470 1041 ut
1501 1002 1610 1062 ap-
1653 1026 1662 1035 .

236 1077 438 1141 pareat
458 1104 478 1133 ,
515 1060 1017 1141 ,quemadmodum
1057 1061 1285 1120 urbium
1328 1063 1608 1141 imperio-

237 1160 489 1223 rumque
509 1185 529 1214 ,
567 1143 645 1201 ita
682 1142 941 1221 gentium
980 1160 1132 1199 nunc
1171 1141 1382 1200 florere
1421 1139 1612 1201 fortu-

239 1243 415 1294 nam,
446 1242 598 1281 nune
635 1218 923 1281 senescere
946 1262 967 1291 ‚
998 1242 1149 1279 nunc
1181 1222 1439 1281 interire.
1610 1282 1616 1288 ,.

324 1301 483 1369 XII.
498 1302 582 1361 At
599 1298 673 1361 C.
690 1299 911 1360 Marius
932 1299 997 1361 L.
1018 1298 1234 1361 Sullam
1249 1346 1269 1375 ,
1289 1299 1406 1380 jam
1425 1312 1606 1377 tunc‚'.

236 1398 308 1443 ut
358 1381 811 1464 praecaventibus
858 1379 987 1441 fatis
1026 1426 1048 1454 ,
1111 1382 1446 1463 copulatum
1492 1382 1604 1443 sibi

240 1460 619 1542 Quaestorem
661 1461 855 1522 habuit
886 1505 905 1534 ,
944 1463 1012 1527 ,δι
1062 1483 1166 1543 per
1205 1483 1338 1523 eum
1380 1461 1617 1531 missum,

238 1544 321 1605 ad
354 1564 553 1625 regem
597 1541 895 1611 Bocchum
916 1584 936 1614 ‚
976 1542 1254 1623 Iugurtha
1290 1562 1428 1624 rege
1451 1588 1472 1617 ‚
1505 1543 1610 1607 ab·

240 1624 378 1684 hinc
420 1643 601 1683 annos
644 1622 831 1683 ferme
872 1640 1104 1683 centum
1149 1625 1378 1705 triginta
1431 1622 1606 1697 o&0,

241 1706 467 1800 Ροῐὶτιιε
503 1702 587 1763 est
617 1726 631 1764 ε
662 1700 990 1784 designatus
1025 1722 1098 1761 ue
1128 1704 1334 1763 iterum
1371 1702 1614 1779 consul,

242 1806 311 1847 m
365 1782 599 1845 Urbem·
642 1782 901 1845 reversus
936 1826 961 1855 ,
1024 1783 1231 1843 eeundi
1287 1782 1614 1845 consulatus
1642 1834 1647 1842 ,

242 1867 413 1927 initio
438 1862 686 1925 Calend‘.
712 1863 833 1924 Jan.
861 1884 999 1924 eum
1022 1866 1084 1926 in
1107 1864 1399 1945 triumpho
1425 1865 1610 1930 duxit.
1649 1924 1656 1929 ,

243 1943 435 2009 Effusa
457 1989 477 2022 ‚
509 1962 573 2007 ut
600 1946 969 2026 praediximus
994 1989 1013 2017 ,
1046 1946 1306 2005 immanis
1341 1947 1428 2005 vis
1454 1944 1616 2007 Ger·
1659 1990 1666 1999 .

244 2046 543 2089 manarum
618 2027 836 2085 entium
859 2070 880 2100 ,
960 2024 1132 2085 uibus
1173 2044 1388 2085 nomen
1437 2024 1612 2087 Cim·
1683 2061 1689 2065 -

248 2107 375 2167 bris
396 2150 422 2179 ‚
448 2126 511 2164 ac
603 2109 829 2167 entonis
862 2122 1019 2179 erat,
1053 2126 1230 2187 quum
1262 2103 1615 2187 Caepionem

247 2185 555 2253 Manlium.
578 2207 649 2247 ue
692 2185 823 2249 coff.
854 2189 918 2248 &
949 2186 1080 2245 ante
1114 2184 1448 2247 Carbonem
1472 2184 1620 2245 Sila-

244 2287 510 2349 numque
540 2208 579 2325 ἓ

250 2348 323 2411 8(
352 2344 626 2408 exuifl'ent
652 2348 948 2420 exereitu3
974 2344 1360 2427 Scaurumque
1391 2347 1456 2411 ὃ(
1479 2344 1609 2409 Au-

246 2428 465 2491 relium
502 2426 637 2489 coff.
672 2430 737 2490 &
776 2428 919 2489 alios
963 2426 1329 2487 celeberrimi
1359 2429 1618 2488 nominis.

246 2511 409 2572 viros
438 2506 805 2577 trucidssffent
827 2529 848 2582 3
880 2508 1136 2589 populus
1156 2506 1452 2569 Romanus
1485 2529 1610 2570 non

248 2590 429 2655 alium
484 2588 833 2670 repellendis
890 2590 1061 2652 tantis
1117 2588 1374 2650 hostibus
1429 2592 1616 2671 magis

246 2670 541 2737 idoneum,
566 2672 987 2751 imperatorem
1016 2712 1038 2744 ‚
1079 2668 1253 2749 quem
1299 2668 1552 2729 Marium
1574 2712 1651 2741 ,.,

248 2748 345 2823 est
362 2767 537 2821 gatus.
557 2748 719 2821 Tum
740 2750 1100 2832 multiplicati
1117 2747 1450 2821 ,consulatue
1464 2747 1620 2831 efflas«

571 2266 805 2329 udiss'ent
834 2264 1224 2348 fugiss'entque
1263 2268 1322 2323 in
1357 2263 1561 2327 Galliis
1585 2308 1620 2339 „
1713 2308 1727 2325 .
