2067 3667
628 293 683 362 L
731 310 769 360 ι
818 309 873 362 Β
920 310 971 360 ε
1019 286 1079 362 a*
1172 294 1216 361 1
1245 293 1319 361 Ῑ.-
1549 291 1647 388 67

282 407 541 471 vfflodae
566 408 673 470 fuit
692 455 713 486 ,
732 410 894 492 quod
917 427 1040 470 tam
1062 407 1227 470 facile
1247 407 1400 470 vista
1418 407 1499 470 est
1521 410 1650 472 His-

282 513 432 572 pana
455 487 766 574 Carthago·
794 489 1041 551 Certum
1072 489 1154 551 est
1183 509 1378 550 tamen
1408 491 1481 551 ad
1513 513 1647 574 pro-

282 571 597 654 fligandam
634 575 997 654 provinciam
1039 572 1298 632 maxime
1342 569 1646 653 profecisse

278 653 627 736 singularem
668 654 827 713 ducis
866 651 1212 712 sanclitatem
1241 673 1260 726 3
1297 655 1509 734 quippe
1544 655 1644 735 qui

278 736 544 815 captivos
578 755 791 815 pueros
823 733 1152 816 puellasque
1188 736 1491 816 praecipuae
1521 730 1647 814 pul-

274 814 615 876 chritudinis
644 814 903 875 Barbaris
933 814 1245 875 restituerit
1264 858 1283 887 ,
1311 835 1385 874 ne
1409 818 1468 874 in
1498 837 1646 874 con-

273 893 531 976 spectum
574 896 811 977 quidem
849 893 1011 954 suurn
1053 893 1240 976 paffus
1279 895 1524 967 adduc1‚
1561 916 1637 956 ne

320 977 421 1035 uid
478 976 552 1034 de
605 977 945 1057 virginitatis
993 976 1321 1055 integritate
1373 973 1644 1035 delibasse

274 997 479 1115 §altem
510 1055 695 1114 oculis
718 1055 1037 1116 videretur.
1069 1053 1213 1114 Haec
1239 1057 1384 1114 inter
1419 1053 1643 1114 diversa

272 1151 563 1196 terrarum
597 1134 845 1216 populus
883 1134 1224 1194 Romanus:
1253 1155 1360 1194 nec
1391 1135 1528 1195 ideo
1560 1152 1644 1196 ta·

199 1269 207 1278 .
272 1236 417 1276 men
446 1213 623 1276 Italiae
645 1213 961 1276 visceribus
990 1215 1368 1275 inhaerentem
1393 1214 1642 1276 summo-

274 1317 419 1357 vere
451 1313 683 1377 poterat
709 1295 1082 1356 Annibalem.
1108 1295 1387 1378 Pleraque
1421 1297 1496 1356 ad
1529 1297 1642 1358 ho-

272 1375 423 1438 stem
459 1376 791 1439 defecerant
814 1399 835 1452 3
862 1378 927 1438 &
955 1376 1072 1437 dux
1095 1379 1404 1438 acerrimus
1437 1394 1638 1438 contra

214 1529 220 1532 ,
272 1457 577 1522 Romanos
602 1457 811 1519 Italicis
838 1479 1076 1539 quoque
1101 1458 1322 1518 viribus
1348 1459 1637 1519 utebatur.

268 1538 397 1600 Jarn
436 1556 631 1600 tamen
672 1560 809 1598 eum
843 1537 1128 1618 plerisque
1169 1539 1399 1618 oppidis
1436 1541 1502 1599 δι
1543 1560 1638 1600 re-

270 1618 540 1700 gionibus
586 1616 1023 1678 excufferamus.
1069 1617 1360 1676 Tarentus
1407 1618 1480 1676 ad
1527 1639 1640 1698 nos

272 1700 529 1758 redierat
556 1720 569 1757 :
596 1695 715 1777 jam
747 1699 813 1758 &
838 1693 1042 1779 Capua
1062 1740 1082 1767 ‚
1107 1695 1270 1756 sedes
1297 1699 1362 1758 &
1388 1696 1596 1757 domus
1617 1741 1640 1770 ‚

272 1779 339 1840 δι
370 1780 553 1860 patria
588 1779 763 1838 altera
794 1775 1100 1837 Annibalis
1119 1821 1138 1849 ‚
1170 1777 1510 1838 tenebatur:
1541 1800 1637 1838 cu·

265 1855 357 1940 jus
402 1861 633 1919 amissio
685 1875 907 1918 tantum
956 1857 1144 1918 Poeno
1195 1859 1325 1918 duci
1365 1857 1634 1940 dolorem

270 1939 432 2000 dedit
453 1984 472 2012 ‚
509 1958 573 2001 ut
604 1941 739 1999 inde
778 1941 914 1998 totis
953 1939 1174 2000 viribus
1207 1939 1460 1999 Romam
1495 1961 1638 1999 con-

267 2038 617 2080 verteretur.
644 2019 705 2082 O
741 2021 1025 2101 populum
1059 2021 1296 2101 dignum
1332 2021 1486 2080 orbis
1520 2023 1644 2080 im·-

266 2103 435 2181 perio
458 2101 472 2160 1
499 2101 737 2182 dignum
776 2103 1038 2160 omnium
1075 2099 1317 2172 favore,
1351 2102 1416 2160 &
1449 2101 1632 2162 admi-
1717 2149 1722 2152 -

266 2184 493 2240 ratione
530 2181 833 2240 hominum
858 2202 923 2238 ac
960 2181 1248 2241 deorum!
1276 2177 1628 2260 compulsus

265 2263 339 2322 ad
380 2262 615 2320 ultimos
657 2277 846 2320 metus
896 2261 967 2320 ab
1008 2261 1241 2339 incepto
1287 2281 1409 2320 non
1453 2259 1630 2320 desti-

264 2345 389 2416 tit3
444 2345 507 2404 &
548 2342 622 2402 de
676 2340 772 2400 sua
816 2341 980 2402 Urbe
1028 2340 1298 2400 sollicitus
1360 2337 1626 2421 Capuam

264 2438 460 2482 tamen
511 2443 629 2482 non
675 2425 872 2482 omisit
915 2444 930 2483 :
978 2421 1077 2482 sed
1127 2439 1292 2502 parte
1341 2423 1630 2484 exercitfis

268 2500 369 2560 sub
402 2502 601 2582 Appio
636 2503 867 2563 consule
904 2503 1134 2576 rema,
1161 2521 1320 2584 parte
1353 2503 1624 2564 Flaccum

158 2639 169 2659 ,
266 2584 325 2641 in
358 2583 560 2642 urbem
592 2581 867 2663 sequuta,
900 2583 1095 2645 absens
1127 2583 1334 2658 simul,
1357 2583 1622 2665 praesens-

267 2683 382 2742 que
420 2661 727 2744 pugnabat.
782 2663 949 2742 Quid
992 2686 1133 2746 ergo
1176 2669 1445 2724 miramur
1485 2687 1622 2726 mo-

262 2745 429 2806 venti
480 2742 659 2805 castra
692 2766 727 2803 a
772 2751 942 2806 tertio
983 2743 1172 2830 lapide
1207 2743 1477 2808 Annibali
1516 2748 1624 2808 ite·
