2067 3667
456 281 906 354 LIBER
1011 285 1193 356 ΙΙΙ.·
1304 309 1513 384 ·143

165 399 452 462 concione
493 421 510 460 ε
547 397 647 462 sed
681 401 1043 464 vincentibus
1074 402 1279 486 quibus
1310 425 1420 486 pax
1451 407 1522 468 &

169 483 332 564 quies
371 482 566 562 potior
599 525 620 556 ,
667 482 840 564 profu
881 505 944 542 us
981 485 1161 565 patria
1196 482 1293 544 sua
1333 483 1521 547 Cinna

170 561 342 622 consu
385 563 428 622 't
462 563 534 622 ad
571 580 780 643 parteS.
821 503 1001 626 {edit
1042 565 1115 626 ab
1152 564 1353 628 Africa
1392 566 1522 628 Ma·

169 645 284 703 rius
323 663 354 702 c
379 641 485 702 ade
527 641 713 723 major
754 667 770 706 ε
823 645 1109 728 siquidem
1152 667 1343 707 carcer
1372 691 1393 722 ‚
1432 669 1523 708 ca·

169 740 316 784 tenae
338 767 359 798 ‚
399 721 534 806 fuga
552 768 574 799 ,
611 724 904 798 exsilium,
943 724 1415 790 horrificaverant
1442 728 1521 790 di·

173 805 468 886 gnitatem.
501 801 701 887 Itaque
739 805 811 866 ad
843 826 1062 868 nomen
1090 810 1233 870 tanti
1265 810 1375 875 viti
1407 808 1522 880 late

173 886 527 946 concurritur
578 909 596 948 ε
645 883 872 949 servitia
923 885 1079 984 (pro
1129 886 1289 948 nefas
1332 885 1394 968 Ξ)
1454 890 1522 952 δι’.

173 963 448 1048 ergastula
474 983 764 1027 armantur
789 989 803 1028 z
837 968 902 1028 &
928 967 1093 1028 racile
1119 970 1341 1030 invenit
1368 987 1526 1030 exer-

171 1047 352 1108 citum
382 1044 552 1108 miser
584 1048 916 1128 imperator.
951 1047 1153 1132 Itaque
1182 1051 1245 1110 vi
1280 1050 1523 1131 patriam

173 1125 481 1209 reposcens
499 1173 518 1202 ‚
555 1128 709 1189 unde
749 1130 810 1191 vi
851 1127 1032 1190 fuerat
1076 1127 1339 1212 expulsus
1358 1171 1379 1202 ,
1420 1151 1525 1210 po·

172 1223 319 1268 terat
352 1207 543 1270 videri
569 1205 692 1287 jure
723 1229 891 1292 agere
911 1253 931 1284 ‚
963 1211 1071 1270 nisi
1102 1208 1327 1272 causam
1362 1209 1521 1271 suam

172 1285 390 1349 saevitia
427 1287 780 1371 corrupiss‘et.
813 1288 932 1351 Sed
967 1311 1147 1373 quum
1195 1289 1303 1352 diis
1339 1289 1522 1352 homi·

171 1367 451 1450 nibusque
489 1368 726 1430 infestus
775 1371 988 1435 rediret
1014 1416 1037 1444 ‚
1093 1369 1281 1432 statim
1330 1372 1525 1452 primo

172 1453 398 1532 impetu
437 1451 616 1511 cliens
653 1452 719 1513 &
753 1453 982 1512 alumna
1009 1451 1187 1514 Urbis
1215 1449 1383 1513 Ostia
1418 1471 1522 1512 ne·

172 1529 347 1590 fanda
371 1528 553 1613 strage
578 1531 853 1612 diripitur.
885 1531 1036 1594 Mox
1067 1536 1127 1592 in
1157 1532 1359 1592 urbem
1388 1550 1527 1613 qua-

157 1610 420 1694 druplici
533 1615 684 1674 mine
723 1614 984 1674 intratur.
1023 1609 1295 1672 Divisere
1325 1612 1527 1752 cop-ilas

174 1689 369 1754 Cinna
401 1735 422 1766 ,
535 1695 684 1754 arius
720 1735 741 1765 ‚
787 1689 986 1754 Carbo
1011 1735 1032 1765 ‚
1072 1690 1375 1754 Sertorius,
1472 1691 1529 1752 ic

219 1770 484 1855 ostquam
525 1793 728 1834 manus
781 1776 971 1834 omnis
1013 1769 1246 1834 Ofiavii
1291 1768 1526 1853 depulsa

213 1853 442 1915 aniculo
474 1852 556 1914 est
577 1897 598 1928 ,
631 1852 819 1914 statim
849 1855 919 1914 ad
951 1855 1277 1936 principum
1304 1852 1529 1914 cadem

176 1935 344 2017 signo
391 1934 528 1996 dato
575 1934 868 2016 aliquanti>
916 1933 1119 1996 saevius
1154 1977 1175 2007 ,
1217 1933 1391 2016 quam
1430 1947 1531 1992 aut

175 2017 237 2075 in
266 2013 478 2076 Punica
495 2057 516 2088 ,
545 2017 722 2076 autin
751 2012 1045 2076 Cimbrica
1072 2014 1213 2074 urbe
1234 2057 1254 2088 ‚
1274 2012 1529 2074 saevitur.

175 2093 415 2158 Oaavii
445 2093 694 2157 consulis
731 2112 906 2177 caput
941 2115 1052 2176 pro
1086 2091 1309 2154 Rostris
1352 2113 1534 2175 expo·
1607 2123 1614 2130 ·

176 2179 334 2238 nitur
367 2197 390 2250 ς
425 2178 666 2238 Antonii
697 2173 1006 2237 consularis
1047 2175 1108 2235 in
1148 2173 1321 2236 Marii
1351 2174 1533 2255 ipsius

178 2259 399 2329 mensis¹
433 2279 451 2318 t
487 2254 740 2318 Caesares
791 2277 826 2318 a
873 2254 1124 2316 Fimbria
1168 2256 1229 2314 in
1272 2269 1535 2336 penetra-

181 2337 332 2398 libus
351 2335 662 2400 domorum
679 2336 904 2398 suarum
919 2335 1270 2400 trucidantur
1284 2331 1537 2410 3Crassi,

182 2437 348 2499 pater
399 2419 468 2482 &
511 2416 663 2480 filius
685 2461 706 2492 ,
750 2419 812 2478 in
853 2433 1061 2478 mutuo
1104 2415 1247 2476 alter
1298 2413 1536 2476 alterius

179 2497 416 2579 aspeciu
444 2519 460 2560 ε
495 2497 756 2560 Baebium
791 2515 963 2580 atque
997 2495 1391 2560 Numitorium
1427 2515 1533 2577 per

181 2579 449 2642 medium
488 2580 678 2640 forum
720 2581 854 2640 unci
889 2594 1114 2640 traxere
1158 2573 1492 2638 carnificum
1512 2595 1532 2636 z

183 2657 430 2720 Catulus
469 2656 526 2722 se
563 2661 710 2742 ignis
756 2655 958 2719 haustu
975 2657 1243 2740 *ludibrio
1283 2652 1534 2716 hostium

183 2741 407 2806 exemit
445 2761 464 2804 z
509 2737 741 2806 Merula
779 2739 992 2802 flamen
1036 2735 1227 2800 Dialis
1264 2737 1327 2798 in
1370 2731 1549 2818 Capie
