2067 3667
513 282 789 351 HIST.
842 283 1148 351 LIBER
1196 284 1308 353 ῙῙ.
1438 306 1563 379 143

219 399 482 479 ejusdem
513 402 584 461 ad
616 400 890 463 eumdem
913 398 1137 475 miffus,
1161 421 1300 481 quas
1330 422 1438 461 nos
1464 404 1578 483 pri-

223 504 326 541 mo
357 504 507 541 anno
541 485 691 541 acies
726 480 974 541 hostium
1007 482 1257 541 vidimus
1290 482 1314 543 ἓ
1350 484 1577 563 quantis

219 562 529 645 prudentia
571 563 734 622 ducis
774 561 1293 643 opportunitatibus
1324 605 1345 634 ,
1380 561 1577 623 furen-

218 660 310 703 tes
345 664 547 703 eorum
578 644 734 703 vires
766 642 1055 706 universas
1087 643 1375 703 evasimus
1406 644 1580 723 parti-

218 724 330 783 bus
367 724 388 783 ἓ
437 741 649 804 quanto
709 743 842 783 cum
896 740 1356 805 temperamento
1400 724 1571 783 simul

222 804 480 863 utilitatis
539 824 627 863 res
681 802 1026 863 aucloritate.
1066 805 1145 861 im
1188 804 1455 865 cratoris.
1484 804 1577 887 agi

220 885 476 946 vidimus
510 883 532 945 ?
577 884 691 965 qua
729 883 1033 965 prudentia
1075 883 1154 962 hy
1202 904 1337 943 etna
1383 880 1578 963 dispo·-

221 966 332 1025 sita
365 963 488 1024 sunt
521 964 543 1025 ἓ
572 982 785 1045 quanto
819 984 1000 1046 opere
1029 962 1271 1023 inclusus
1304 962 1577 1025 custodiis

201 1046 510 1111 ‚exercitiis
538 1043 752 1115 nostri,
779 1066 850 1105 ne
882 1045 994 1126 qua
1023 1042 1205 1124 posset
1234 1063 1579 1123 erumpere,

223 1124 402 1208 inops
433 1146 507 1185 ue
537 1127 834 1205 copiarum
868 1126 1107 1185 &intra
1138 1122 1196 1184 se
1224 1122 1420 1185 furens
1438 1167 1459 1199 ,
1484 1125 1577 1185 vi·

203 1148 592 1271 ‚rihus‘liostis
626 1202 1049 1288 elanguesceret
1072 1205 1097 1266 ἓ

309 1284 558 1349 CXII.
599 1285 761 1347 Felix
809 1298 1022 1347 eventu
1055 1328 1078 1358 ,
1104 1282 1273 1346 forte
1317 1300 1523 1347 conatu
1554 1329 1577 1359 ,

226 1367 416 1447 primii
457 1364 644 1427 aestate
681 1366 860 1441 belli,
893 1364 1193 1427 Mess'allini
1227 1386 1375 1447 opus
1412 1386 1579 1427 man-

227 1447 480 1507 dandum
527 1444 610 1507 est
656 1449 953 1507 memoriae
989 1468 1004 1507 :
1052 1448 1152 1528 qui
1197 1448 1289 1505 vir
1323 1490 1343 1520 ‚
1380 1448 1575 1506 animo

227 1530 406 1589 etiam
452 1526 623 1609 quam
666 1545 836 1611 gente
871 1526 1123 1586 nobilior
1146 1570 1167 1599 ,
1215 1526 1577 1607 dignissimus

205 1610 332 1689 .qui
367 1609 432 1669 &
474 1624 696 1687 patrem
743 1606 1073 1668 Corvinum
1127 1602 1405 1665 habuisset
1442 1648 1465 1678 ,
1512 1607 1578 1667 &

229 1707 560 1769 cognomen
589 1685 748 1747 suum
782 1684 975 1747 Cottae
1006 1685 1166 1746 fratri
1196 1684 1579 1765 relinqueret,

230 1768 574 1850 praepositus
596 1765 834 1863 Illyrico
853 1808 876 1839 ‚
905 1764 1085 1825 subita
1106 1765 1425 1827 rebellione
1448 1786 1581 1827 cum

149 1902 152 1905 ,
231 1846 542 1929 semiplena
577 1845 802 1929 legione
843 1848 1156 1919 vicesima,
1199 1845 1580 1907 circumdatus

230 1928 423 1990 hostili
475 1930 728 1989 exercitu
772 1972 795 2002 ,
852 1926 1097 2009 amplius
1149 1929 1351 2009 viginti
1405 1926 1581 1987 millia

206 2008 482 2071 ,hostium
513 2007 662 2068 fudit
695 2006 754 2068 fu
797 2010 1026 2090 avitque
1058 2028 1078 2081 ;
1104 2008 1171 2069 &
1203 2008 1283 2067 ob
1310 2004 1377 2066 id
1414 2026 1580 2068 orna-

234 2090 438 2148 mentis
482 2088 770 2169 triumpha
793 2087 918 2149 'bus
966 2087 1286 2147 honoratus
1331 2084 1433 2147 est.
1495 2084 1584 2145 Ita

235 2166 501 2249 placebat
532 2166 788 2229 Barbaris
821 2168 1093 2227 numerus
1126 2165 1253 2225 suus
1273 2208 1292 2238 ,
1320 2168 1399 2225 ita
1432 2163 1582 2225 fidu-

235 2251 324 2308 cia
359 2249 572 2307 virium
596 2290 617 2319 ‚
651 2266 715 2308 ut
737 2291 757 2321 ‚
790 2248 1138 2327 ubicumque
1177 2244 1367 2306 Caesar
1401 2243 1536 2305 esset
1558 2289 1581 2319 ,

236 2329 374 2389 nihil
395 2332 454 2389 in
485 2326 545 2388 se
579 2326 700 2409 spei
734 2344 1097 2409 reponerent.
1131 2325 1266 2387 Pars
1299 2325 1581 2386 exercitiis

238 2430 440 2470 eorum
491 2410 791 2491 proposita
841 2408 952 2490 ipsi
1001 2408 1173 2482 duci,
1217 2408 1283 2468 &
1324 2405 1398 2466 ad
1436 2404 1584 2465 arbi-

153 2526 156 2531 -
237 2492 410 2549 trium
454 2490 870 2570 utilitatemque
919 2486 1172 2547 nostram
1230 2503 1513 2547 macerata
1560 2532 1583 2561 ‚

239 2566 624 2651 perduGtaque
671 2570 744 2628 ad
793 2567 1143 2629 exitiabilem
1183 2566 1397 2627 famem
1424 2612 1445 2640 ‚
1482 2588 1584 2627 ne-

236 2669 354 2730 que
387 2646 652 2707 instantes
685 2646 949 2709 sustinere
973 2692 992 2721 ,
1026 2670 1099 2707 ne
1144 2669 1215 2708 ue
1246 2646 1581 2709 facientibus

237 2730 472 2813 copiam
519 2729 810 2811 pugnandi
865 2671 1347 2812 &rigentibusque
1399 2731 1581 2791 aciem
