2067 3667
506 319 651 392 126
796 319 875 389 L.
922 317 1288 387 ANNAEI
1337 319 1643 386 onnl

394 495 403 510 ,
500 455 639 502 natu
664 482 685 513 ‚
726 453 895 520 turpe
932 454 1108 520 atque
1153 433 1556 498 miserandum.
1597 433 1691 496 Ac
1725 435 1858 497 nes-

503 523 601 581 cio
632 541 705 580 an
740 518 908 580 satius
941 516 1115 579 fuerit
1145 516 1369 600 populo
1411 515 1682 577 Romano
1706 560 1728 591 ,
1761 515 1862 577 Si·-

503 601 636 661 cilia
692 601 758 662 δι
805 597 1005 660 Africa
1053 614 1328 659 contento
1367 595 1532 657 fuisse
1565 643 1588 673 ,
1607 613 1721 657 -aut
1765 597 1856 656 his

502 684 684 742 etiam
734 682 873 780 ipsis
926 699 1123 741 carere
1159 724 1178 752 ‚
1227 678 1547 740 dominanti
1593 679 1654 737 in
1693 677 1859 738 Italia

500 760 597 821 sua
618 807 639 836 ,
682 781 855 845 quam
889 761 963 822 eb
1004 759 1412 842 magnitudinis
1453 756 1706 820 crescere
1726 801 1750 830 ,
1789 775 1860 818 ut

498 843 719 903 viribus
763 839 876 902 suis
924 839 1325 902 conficeretur.
1363 838 1522 920 Quae
1563 841 1714 900 enim
1759 857 1858 898 res

498 923 609 982 alia
646 921 871 982 furores
912 922 1116 982 civiles
1152 921 1378 1003 peperit
1400 964 1420 995 ,
1467 919 1644 1001 quam
1681 920 1858 980 nimia

496 1003 736 1064 felicitas
772 1001 797 1063 ἒ
842 1000 1013 1084 Syria
1052 1003 1236 1082 prima
1285 1021 1394 1060 nos
1447 999 1605 1060 vicia
1653 1019 1858 1060 corru-

495 1085 585 1166 pit
631 1105 653 1144 .·
704 1103 848 1144 mox
884 1083 1144 1144 Asiatica
1185 1079 1518 1164 Pergameni
1560 1100 1621 1140 re
1665 1083 1709 1140 ‘s
1743 1079 1857 1140 he-

494 1163 727 1225 reditas·
766 1161 889 1224 111ae
927 1183 1072 1246 opes
1121 1178 1293 1244 atque
1335 1160 1550 1222 divitiae
1599 1099 1856 1221 afflixere

493 1243 671 1304 seculi
722 1263 918 1304 mores
956 1265 979 1320 3
1043 1241 1402 1324 mersamque
1463 1241 1624 1304 vitiis
1679 1239 1792 1301 suis
1829 1287 1858 1316 ,

536 1325 657 1386 uasi
692 1321 911 1385 sentina
944 1370 964 1400 ,
1016 1321 1432 1404 rempublicam
1461 1319 1698 1462 1{essum
1746 1321 1856 1382 de·

540 1425 657 1465 ere.
708 1405 885 1466 Unde
948 1405 1105 1465 enim
1200 1403 1408 1484 opulus
1519 1417 1758 1463 omanus
1815 1423 1860 1464 a.

490 1486 734 1546 tribunis
776 1504 943 1567 agros
990 1485 1056 1546 &
1099 1426 1310 1544 cifinria
1352 1483 1630 1566 flagitaret
1666 1527 1687 1556 ‚
1739 1483 1856 1546 nisi

490 1587 599 1647 per
642 1565 859 1626 famem
883 1611 904 1641 ‚
952 1585 1128 1648 quam
1171 1565 1336 1625 luxus
1372 1563 1588 1624 fecerat
1627 1563 1652 1623 ἓ
1689 1563 1857 1626 Hinc

490 1667 636 1728 ergo
673 1645 1010 1708 Gracchana
1045 1648 1110 1708 &
1145 1648 1326 1728 prima
1363 1645 1428 1708 &
1465 1643 1711 1704 secunda
1732 1689 1752 1719 ,
1785 1646 1855 1706 &

490 1727 589 1786 illa
624 1729 791 1787 tertia
817 1725 1145 1808 Apuleiana
1181 1725 1402 1786 seditio.
1432 1723 1610 1786 Unde
1643 1745 1858 1808 regna-

488 1823 583 1867 ret
632 1806 945 1886 judiciariis
996 1807 1218 1887 legibus
1269 1803 1520 1868 divulsus
1569 1827 1604 1865 a
1651 1803 1857 1868 senatu

490 1907 671 1970 eques
696 1931 725 1967 ⁹,
747 1887 857 1948 nisi
888 1905 960 1946 ex
994 1888 1266 1959 avaritia,
1303 1903 1366 1946 ut
1397 1885 1695 1968 vecligalia
1727 1889 1852 1946 rei-

486 1967 735 2048 publicae
774 2013 795 2042 ‚
840 1983 897 2026 at
940 1987 1017 2026 ue
1071 1966 1192 2048 ipsa
1248 1966 1462 2046 judicia
1508 1969 1569 2026 in
1667 1965 1858 2028 uaestu

486 2047 837 2109 haberentur
871 2047 895 2107 ἓ
990 2049 1082 2108 inc
1120 2046 1306 2108 rursus
1349 2047 1416 2108 &
1451 1989 1719 2127 promffia
1761 2051 1860 2109 ci·-

486 2131 639 2190 vitas
682 2129 895 2200 LatiO,
937 2131 1001 2190 &
1040 2149 1147 2210 per
1181 2128 1294 2188 hoc
1339 2149 1496 2188 arma
1533 2126 1856 2192 sociorum.

488 2207 656 2289 Quid
692 2229 887 2270 autem
925 2208 1076 2269 bella
1115 2207 1344 2269 servilia
1382 2208 1405 2268 ?
1445 2208 1598 2269 unde
1637 2211 1856 2284 nobiS,

486 2292 595 2350 nisi
630 2311 701 2350 ex
736 2288 1080 2349 abundanti-a
1107 2288 1443 2350 familiarum
1475 2289 1498 2350 ἓ
1523 2289 1698 2350 Unde
1719 2291 1851 2372 gla-

486 2370 714 2430 diatorii
742 2370 1016 2430 adversus
1049 2369 1321 2431 dominos
1353 2369 1489 2431 suos.
1520 2373 1800 2431 exercitus
1828 2417 1859 2446 ,

484 2453 593 2510 nisi
617 2451 689 2510 ad
720 2449 1141 2511 conciliandum
1168 2451 1353 2533 plebis
1377 2451 1640 2512 favorem
1663 2449 1859 2514 effusa

483 2531 750 2612 largitio,
790 2551 969 2613 quum
1008 2530 1338 2612 spefiaculis
1369 2531 1528 2592 indul
1567 2549 1665 2606 et,
1701 2531 1860 2614 sup-

482 2611 652 2692 plicia
684 2611 976 2693 quondam
1012 2609 1262 2673 hostium
1294 2631 1476 2674 artem
1529 2615 1642 2673 acit
1663 2611 1685 2672 ἓ
1705 2612 1856 2674 Jam

482 2707 545 2750 ut
578 2691 930 2772 speciosiora
959 2694 1100 2753 vitia
1125 2709 1418 2774 tangamus
1439 2739 1458 2767 ,
1487 2715 1684 2755 nonne
1717 2715 1858 2754 arn-

440 2771 632 2846 ,bitus
672 2775 963 2838 honorum
1005 2773 1078 2837 ab
1123 2774 1326 2836 iisdem
1372 2776 1592 2841 divitiis
1631 2777 1860 2847 incita-
