2067 3667
455 264 551 353 64
631 276 644 283 “
700 262 774 331 C.
831 264 1088 330 Vnt..
1140 260 1538 330 PATERc.

450 382 726 442 altissime
762 378 1127 441 illuminavit.
1169 374 1284 439 Hic
1321 378 1540 460 genitus
1576 394 1804 456 proavo

456 462 545 523 Μ.
572 460 797 541 Catone
822 506 842 533 ,
875 462 1134 543 principe
1161 460 1265 521 illo
1293 458 1522 518 familiae
1546 456 1805 530 Porciae,

456 543 639 604 homo
667 543 869 603 virtuti
901 540 1218 601 simillimus
1240 585 1259 613 ,
1286 540 1351 601 &
1374 560 1479 620 per
1499 539 1697 599 omnia
1719 540 1804 597 in-

458 626 630 707 genio
662 622 794 683 Diis
826 622 997 704 quem
1029 620 1356 681 hominibus
1390 621 1630 701 propior
1658 638 1676 691 ;
1705 620 1806 701 qui

459 724 773 785 numquam
801 701 949 761 reste
973 701 1110 762 fecit
1130 747 1149 775 ,
1175 718 1242 767 ut
1263 700 1450 761 facere
1476 700 1768 761 videretur
1786 742 1807 771 ,

457 783 559 844 sed
630 786 722 843 uia
752 783 913 843 aliter
937 781 1126 845 facere
1159 802 1278 842 non
1309 796 1576 863 poterat,
1600 782 1806 860 cuique

458 865 523 923 id
546 863 607 924 so
632 884 729 925 um
749 861 936 924 visum
956 861 1042 924 est
1067 865 1342 923 rationem
1372 861 1583 921 habere
1604 903 1624 933 ‚
1649 860 1808 942 quod

458 944 699 1007 haberet
722 942 989 1026 justitiam
1015 966 1036 1019 ;
1067 944 1332 1004 omnibus
1359 942 1618 1003 humanis
1654 943 1809 1001 vitiis

462 1027 731 1087 immunis
759 1071 779 1101 ‚
815 1023 1038 1105 semper
1072 1024 1360 1085 fortunam
1399 1026 1458 1082 in
1494 1021 1590 1082 sua
1624 1020 1814 1101 potes-

464 1122 579 1167 tate
618 1108 832 1167 habuit.
876 1106 989 1166 Hic
1026 1107 1281 1166 tribunus
1367 1105 1505 1164 lebis
1549 1103 1814 1185 designa-

464 1203 601 1259 tus,
638 1188 824 1247 adhuc
864 1186 1181 1268 admodum
1219 1126 1550 1245 adoiescens
1572 1229 1591 1257 ,
1635 1204 1812 1264 quum

464 1268 561 1327 alii
596 1266 932 1337 suaderent,
965 1284 1027 1326 ut
1063 1286 1167 1347 per
1197 1268 1506 1346 municipia
1536 1264 1811 1325 Lentulus

465 1345 861 1429 coniuratique
892 1344 1344 1419 custodirentur,
1376 1366 1526 1429 pene
1557 1348 1703 1405 inter
1729 1346 1816 1407 ul·

466 1430 643 1488 timos
691 1429 1070 1508 interrogatus
1116 1425 1449 1487 sententiam
1486 1470 1505 1499 ,
1561 1425 1714 1486 tanta
1753 1426 1814 1485 vi

467 1510 642 1567 animi
676 1525 845 1590 atque
878 1509 1093 1589 ingenii
1123 1506 1382 1567 investus
1412 1506 1493 1567 est
1525 1510 1583 1566 in
1619 1504 1818 1587 conju-

467 1591 751 1650 rationem
775 1632 795 1661 ,
833 1604 896 1647 ut
934 1587 1142 1647 ardore
1179 1590 1298 1647 oris
1333 1590 1652 1649 orationem
1687 1598 1818 1649 om·-

471 1672 657 1742 nium,
668 1670 970 1730 lenitatem
992 1666 1371 1741 suadentium,
1393 1668 1662 1729 societate
1681 1689 1818 1729 con-

472 1752 583 1811 silii
618 1748 925 1831 suspeRam
949 1746 1191 1809 feceritz
1219 1752 1298 1809 sic
1335 1750 1722 1831 impendentia
1745 1770 1816 1809 ex

470 1832 646 1890 ruinis
670 1827 1060 1910 incendiisque
1082 1828 1258 1890 Urbis
1277 1876 1296 1904 ,
1330 1832 1393 1892 &
1415 1832 1820 1891 commutatio-

470 1930 545 1970 ne
596 1909 765 1969 statfis
815 1909 1026 1990 publici
1075 1911 1326 1991 pericula
1375 1909 1634 1993 exposuit
1668 1955 1691 1984 ,
1739 1911 1818 1970 ita

474 1987 717 2051 consulis
748 1991 1021 2050 virtutem
1059 1989 1425 2071 amplificavit
1445 2036 1464 2065 ,
1495 2010 1558 2053 ut
1577 1994 1820 2052 univer-

471 2069 565 2131 sus
606 2069 829 2131 senatus
876 2072 935 2129 in
984 2067 1107 2149 ejus
1149 2071 1479 2133 sententiam
1515 2075 1820 2144 transiret,

474 2152 1162 2232 animadvertendumque
1201 2154 1260 2211 in
1305 2174 1408 2213 eos
1433 2198 1452 2229 ,
1487 2174 1634 2235 quos
1675 2176 1822 2235 prae-

474 2233 715 2293 diximus
736 2277 755 2306 ,
788 2230 1086 2304 censeret3
1119 2231 1417 2315 majorque
1447 2254 1574 2314 pars
1605 2233 1824 2293 ordinis

477 2311 603 2391 ejus
626 2312 914 2373 Catonem
943 2311 1425 2394 prosequerentur
1457 2315 1715 2374 domum.
1741 2315 1826 2374 At

477 2392 722 2454 Catilina
746 2413 864 2453 non
894 2390 1116 2473 segnius
1139 2412 1284 2454 vota.
1300 2394 1480 2467 obiit,
1505 2394 1676 2476 quem
1703 2392 1826 2454 sce-

476 2472 611 2533 leris
642 2472 886 2533 conandi
919 2474 1156 2533 consilia
1184 2477 1386 2536 inierat
1415 2500 1430 2537 ε
1466 2477 1560 2557 qui
1608 2494 1681 2556 pe
1706 2473 1826 2534 for-

476 2552 693 2613 tissime
724 2552 1036 2625 dimicanS,
1066 2574 1240 2636 quem
1265 2555 1518 2637 spiritum
1545 2496 1826 2637 AEpplicio

478 2632 795 2707 debuerat,
833 2635 1044 2714 proelio
1083 2637 1351 2698 reddidit.
1647 2656 1654 2661 ·

503 2768 511 2775 .
560 2712 617 2775 X
637 2713 695 2775 X
714 2713 900 2777 XVI.
960 2712 1298 2795 Consulatui
1357 2715 1660 2795 Ciceronis
1704 2736 1830 2781 non
