2067 3667
532 278 822 348 Hlsr.
873 279 1183 348 LIBER
1240 279 1347 348 ΙΙ.
1497 277 1591 372 87

235 395 462 458 auxiliis
515 395 956 458 confluentibus·
1015 395 1130 458 Sua
1184 395 1473 459 Caesarem
1532 399 1594 462 in

233 475 572 559 Hispaniam
610 479 881 542 comitata
916 476 1144 538 fortuna
1178 476 1304 552 est3
1336 475 1433 537 sed
1464 479 1596 538 nul-

235 556 362 620 lutn
397 577 668 639 umquam
703 559 952 620 atrocius
989 557 1472 639 periculosiusque
1518 566 1595 622 ab

235 657 312 700 eo
358 639 562 698 initum
601 639 872 718 proelium
903 659 926 714 3
958 639 1108 700 adeo
1151 655 1216 698 ut
1253 639 1379 721 plus
1414 639 1591 720 quam

233 717 418 780 dubio
458 737 640 780 marte
663 763 685 790 ,
726 719 1101 781 descenderet
1139 740 1295 801 equo
1320 763 1340 794 ,
1374 720 1593 782 consis-

233 797 478 883 tensque
513 817 644 863 ante
686 800 1059 863 recedentem
1089 798 1323 877 suorum
1360 803 1541 862 aciem
1567 843 1594 874 ‚

233 879 515 962 increpita
556 882 712 964 prius
751 879 982 945 fortuna
1003 927 1021 952 ‚
1062 881 1225 962 quod
1264 881 1320 942 se
1357 883 1415 940 in
1456 903 1593 950 eum

235 959 504 1024 servass‘et
563 964 782 1025 exitum
824 1006 844 1036 ‚
895 963 1261 1026 denuntiaret
1320 961 1595 1028 militibu·

235 1041 482 1125 vestigio
520 1041 578 1104 se
617 1063 738 1104 non
773 1041 1121 1104 recessurum
1158 1065 1181 1117 3
1216 1042 1461 1124 proinde
1498 1045 1594 1104 vi-

236 1123 443 1185 derent
464 1167 485 1197 ,
519 1144 702 1206 quern
733 1124 799 1185 &
839 1143 958 1205 quo
997 1122 1133 1182 loco
1174 1121 1595 1202 Imperatorem

235 1201 514 1265 deserturi
547 1203 758 1266 forent.
796 1202 1167 1265 Verecundia
1205 1205 1384 1284 magis
1422 1202 1597 1284 quam

235 1287 453 1348 virtute
489 1287 639 1346 acies
677 1283 947 1346 restitutae
983 1282 1143 1356 sunt,
1172 1304 1205 1342 a
1236 1283 1385 1346 duce
1420 1285 1595 1364 quam

236 1386 274 1426 a
296 1366 478 1426 milite
497 1363 720 1426 fortius·
743 1365 856 1428 Cn.
873 1363 1219 1444 PompeiuS,
1249 1363 1437 1446 gravis
1467 1363 1596 1426 vul·

237 1467 379 1508 nere
423 1449 689 1507 inventus
728 1448 878 1506 inter
922 1443 1260 1508 solitudines
1303 1447 1481 1506 avias·
1504 1448 1597 1506 in-

236 1542 556 1608 teremptus
582 1525 682 1588 est.
703 1526 1024 1590 Labienum
1041 1571 1065 1599 ,
1082 1525 1421 1607 varumque
1442 1528 1599 1588 acies
1681 1586 1691 1597 ,

235 1605 483 1668 abstulit.

323 1685 483 1746 LVI.
514 1683 704 1746 Caesar
735 1686 996 1746 omnium
1022 1683 1209 1748 vil-‚ior
1234 1683 1507 1769 regressus
1535 1687 1597 1749 in

242 1763 472 1828 Urbem
499 1811 518 1837 ,
551 1765 711 1848 quod
750 1766 1059 1826 humanam
1093 1768 1331 1828 excedat
1369 1765 1551 1828 fidem
1574 1809 1597 1842 ‚

239 1847 510 1914 omnibus
531 1891 551 1921 ,
607 1849 708 1929 qui
747 1865 946 1908 contra
987 1844 1047 1908 se
1102 1869 1259 1908 arma
1297 1849 1541 1908 tulerant
1574 1893 1595 1918 ,

238 1929 466 2010 ignovit
493 1949 512 2002 ;
550 1926 1239 2012 magnificentissimisqne
1274 1927 1599 2011 gladiatorii

239 2011 492 2070 muneris
523 2051 544 2082 ,
579 2009 930 2072 naumachiae
966 2054 986 2084 ‚
1023 2010 1091 2072 &
1126 2010 1387 2090 equitum
1430 2009 1599 2090 pedi-

237 2105 483 2170 tumque
505 2133 526 2161 ,
559 2089 728 2152 simul
752 2089 1230 2170 'Elephantorum
1260 2091 1598 2150 certaminis

239 2169 572 2251 spe&aculis
591 2215 612 2244 ,
643 2169 800 2250 epuli
843 2190 915 2229 ue
950 2190 1055 2250 per
1084 2169 1295 2228 multos
1330 2170 1453 2228 dies
1480 2169 1599 2228 dati

241 2251 630 2312 celebratione
653 2293 675 2323 ‚
704 2269 770 2308 re
803 2191 957 2310 cllevit
987 2269 1134 2308 eam.
1162 2245 1445 2330 Quinque
1482 2251 1601 2330 egit

240 2331 590 2413 triumphos.
647 2327 712 2390 G
790 2330 860 2390 'ci
913 2344 1224 2411 apparatus
1252 2349 1351 2390 -ex
1402 2329 1547 2413 citro
1577 2373 1599 2404 ,

243 2410 467 2474 Pontici
526 2432 598 2472 ex
656 2411 902 2472 acantho
935 2453 955 2483 ‚
998 2407 1373 2470 Alexandrini
1426 2407 1600 2472 testu·

245 2491 420 2563 dine,
450 2491 634 2552 Africi
669 2492 846 2552 ebore
869 2535 889 2566 ,
923 2487 1315 2573 Hispaniensis
1354 2485 1600 2574 argento

244 2571 402 2634 rasili
451 2571 716 2634 constitit.
754 2573 999 2634 Pecunia
1050 2593 1123 2632 ex
1164 2574 1449 2634 manubiis
1488 2575 1602 2634 lata

289 2652 424 2713 aulo
479 2653 720 2733 amplius
772 2651 954 2716 sexies
1003 2653 1211 2714 millies
1260 2651 1598 2714 sestertium.

311 2753 462 2818 eque
501 2733 587 2797 illi
633 2749 819 2807 tanto,
836 2735 967 2806 vito
1015 2735 1083 2812 δι
1124 2749 1246 2798 tam
1286 2734 1600 2808 clementer
