2067 3667
491 314 588 391 42
739 298 808 368 C.
866 300 1130 369 Vsu.
1182 296 1589 365 ΡΑτεκσ.

493 419 734 480 Asinius
773 461 794 492 ,
835 414 1076 478 Insteius
1122 412 1279 477 Cato
1300 460 1324 489 ,
1374 412 1449 477 C.
1492 411 1797 475 Pontidius
1830 423 1861 491 ;

491 496 799 560 Telesinus
834 497 1069 558 Pontius
1092 540 1112 570 ,
1146 495 1363 556 Marius
1397 495 1671 579 Egnatius
1694 540 1713 568 ‚
1747 495 1859 557 Pa-

489 582 620 662 pius
658 577 915 639 Mutilus.
950 576 1163 659 Neque
1202 597 1313 659 ego
1347 576 1703 637 verecundia
1742 576 1857 637 do-

491 656 713 720 mestici
751 657 1033 741 sanguinis
1076 657 1274 739 gloriae
1308 656 1621 739 quidquam
1648 700 1671 731 ,
1708 654 1857 717 dum

492 760 700 800 verum
725 738 915 799 refero
933 784 951 806 ,
983 736 1339 799 subtraham:
1365 740 1581 819 quippe
1604 736 1857 797 multum

493 818 725 879 Minatii
768 818 952 901 Magii
985 862 1006 892 ‚
1045 820 1197 879 atavi
1241 820 1360 879 mei
1404 816 1809 877 Asculanensis
1828 861 1851 890 ,

493 898 866 960 tribuendum
886 898 969 959 est
990 899 1289 959 memoriae
1310 919 1329 971 ;
1349 900 1449 978 qui
1472 918 1657 981 nepos
1676 896 1853 959 Decii
1951 966 1957 975 ,

492 979 674 1077 Magii
695 1025 717 1052 ,
753 977 1185 1061 Campanorum
1222 979 1493 1059 principis
1535 1023 1554 1051 ,
1589 978 1856 1039 celeber·

491 1064 619 1121 rimi
651 1062 716 1122 &
749 1058 1067 1120 fidelissimi
1096 1059 1210 1121 viri
1232 1102 1251 1129 ,
1287 1074 1502 1118 tantam
1538 1059 1653 1119 hoc
1690 1058 1853 1121 bello

492 1140 773 1202 Romanis
801 1140 980 1201 fidem
1012 1137 1268 1223 praestitit
1291 1183 1311 1213 ‚
1334 1157 1398 1199 ut
1423 1160 1556 1199 curn
1579 1139 1851 1222 legione,

493 1242 670 1303 quam
694 1220 814 1304 ipse
843 1242 904 1280 m
938 1220 1195 1301 Hirpinis
1217 1217 1662 1301 conscripserat,
1696 1220 1855 1283 Her-

491 1301 794 1361 culaneum
837 1300 1004 1362 simul
1053 1320 1183 1361 cum
1223 1296 1300 1361 Τ.
1345 1297 1529 1361 Didio
1574 1318 1851 1384 caperet,

494 1382 806 1463 Pompeios
844 1403 977 1442 cum
1011 1381 1078 1441 L.
1110 1379 1264 1442 Sulla
1295 1398 1696 1463 oppugnaret,
1722 1380 1855 1444 Co-

494 1459 728 1544 samque
778 1478 1091 1544 occuparet
1134 1483 1157 1537 3
1208 1458 1371 1541 cujus
1425 1462 1498 1522 de
1542 1463 1855 1525 virtutibus

573 1563 672 1603 um
715 1542 851 1617 alii,
894 1559 1018 1603 tum
1061 1542 1308 1603 maxime
1352 1542 1715 1625 dilucideque
1757 1542 1848 1623 Q.

491 1564 838 1685 ffortensius
876 1626 936 1683 in
970 1622 1289 1702 Annalibus
1328 1620 1438 1684 suis
1473 1624 1684 1687 retulit.
1725 1621 1851 1685 Cu-

488 1701 584 1785 jus
619 1708 816 1785 pietati
849 1704 1081 1785 plenam
1114 1704 1361 1785 populus
1394 1702 1693 1765 Romanus
1726 1726 1853 1787 gra-

489 1786 632 1843 tiam
663 1784 888 1855 retulit,
909 1783 1094 1863 ipsum
1123 1786 1337 1845 viritim
1370 1786 1601 1845 civitate
1635 1785 1853 1845 donan-

491 1864 571 1925 do
595 1908 617 1935 ,
657 1865 803 1924 duos
852 1863 1002 1923 filios
1054 1863 1177 1943 ejus
1234 1866 1483 1925 creando
1568 1883 1802 1927 raetores
1825 1912 1850 1941 ,

493 1966 673 2027 quum
721 1941 839 2003 seni
879 1945 1068 2004 adhuc
1110 1963 1452 2006 crearentur.
1492 1888 1646 2005 'lpam
1691 1950 1851 2011 varia

491 2043 661 2105 atque
700 2042 860 2084 atrox
905 2022 1133 2084 fortuna
1175 2023 1355 2087 Italici
1398 2026 1538 2087 belli
1587 2026 1731 2102 fuit,
1786 2044 1853 2089 ut

494 2125 599 2185 per
618 2104 915 2167 biennium
937 2107 1271 2166 continuum
1294 2107 1410 2166 duo
1432 2106 1681 2167 Romani
1705 2130 1853 2169 con-

490 2184 639 2245 sules
660 2230 684 2256 ,
713 2185 959 2249 Rutilius
991 2208 1057 2247 ac
1090 2186 1299 2246 deinde
1333 2185 1487 2248 Cato
1514 2186 1748 2248 Porcius
1774 2190 1853 2249 ab

491 2265 751 2327 hostibus
798 2268 1197 2328 occiderentur
1234 2290 1254 2342 3
1304 2270 1589 2329 exercitus
1624 2269 1848 2351 Populi

491 2346 744 2408 Romani
785 2349 980 2407 multis
1023 2352 1085 2407 in
1130 2348 1273 2407 locis
1314 2346 1727 2423 funderentur,
1760 2369 1851 2411 ut-

493 2446 609 2508 que
643 2427 716 2486 ad
750 2426 877 2509 saga
917 2430 1135 2500 iretur,
1179 2428 1393 2510 diuque
1433 2430 1492 2488 in
1535 2450 1609 2489 eo
1648 2429 1846 2491 habitu

493 2524 842 2568 maneretur.
891 2506 1085 2589 Caput
1128 2510 1355 2589 imperii
1398 2507 1478 2569 sui
1520 2506 1849 2572 Corfinium

492 2586 748 2667 legerant
767 2632 786 2659 ‚
861 2590 980 2649 uod
1009 2590 1365 2669 appellarent
1394 2588 1671 2651 Italicum.
1707 2590 1847 2650 Pau-

477 2666 650 2727 datim
682 2668 816 2728 dein
857 2690 892 2729 e
925 2670 1260 2752 recipiendo
1293 2672 1351 2729 in
1385 2672 1675 2732 civitatem
1695 2675 1845 2753 ,·qui

488 2768 648 2810 arma
681 2766 778 2811 aut
813 2770 932 2811 non
968 2768 1241 2835 ceperant
1262 2794 1281 2825 ,
1320 2768 1416 2813 aut
1461 2750 1843 2833 deposuerant
