2067 3667
545 312 683 363 120
797 290 869 358 C.
927 292 1173 357 νεα.
1225 288 1339 357 ΡΑ
1366 304 1625 377 rene.

511 409 777 491 ·quidem
807 407 957 468 male
983 405 1373 468 consultorum
1401 427 1601 489 poenas
1626 404 1889 467 exsolvit.

539 491 824 573 AEquetur
876 487 1157 571 praediflae
1212 485 1541 569 Calpurniae
1606 486 1829 553 Antistii
1868 531 1891 559 ,

518 569 784 631 *Servilia
809 570 1017 651 Lepidi
1038 588 1183 628 uxor
1200 611 1221 640 ‚
1252 590 1380 649 quae
1400 611 1420 640 ‚
1452 570 1597 627 vivo
1630 569 1747 649 igni
1784 568 1893 627 de-

515 667 747 712 ·vorato
779 693 799 722 ‚
885 666 1241 710 raematuram
1285 666 1535 709 mortem
1580 648 1893 709 immortali

538 734 789 792 nominis
823 672 903 789 Ξῖ
985 728 1201 789 ensavit
1234 728 1534 790 memoria.

523 854 532 861 -
622 810 922 872 LXXXI
989 854 1006 871 .
1060 806 1253 871 Caesar
1293 825 1489 869 autem
1529 807 1794 870 reversus
1830 810 1891 869 in

537 890 759 953 Italiam
798 898 968 973 atqu'e
998 891 1223 951 Urbem
1247 934 1265 963 ‚
1302 910 1422 972 quo
1456 889 1694 951 occursu
1716 935 1739 964 ,
1770 911 1891 973 quo

538 972 744 1033 favore
793 974 1057 1037 omnium
1100 971 1440 1045 hominum,
1478 988 1709 1031 aetatum
1730 1016 1749 1044 ‚
1794 992 1891 1031 οι·-

541 1054 746 1113 dinum
792 1071 1067 1135 exceptus
1116 1054 1193 1113 sit
1235 1074 1256 1127 ;
1300 1073 1428 1135 quae
1473 1050 1893 1134 magnificentia

517 1135 965 1215 ·triumphomm
997 1131 1121 1213 ejus
1141 1177 1162 1208 ,
1188 1153 1316 1223 quae
1349 1132 1518 1193 fuerit
1550 1152 1891 1207 munerum,

515 1234 620 1274 ·ne
643 1217 702 1275 in
735 1217 926 1295 operis
953 1214 1193 1295 quidem
1216 1212 1346 1292 justi
1375 1216 1613 1273 materia
1629 1258 1652 1285 ,
1676 1214 1892 1273 nedum

547 1292 714 1372 hujus
761 1312 879 1354 tam
922 1296 1133 1366 recisi,
1180 1294 1237 1353 di
1318 1294 1349 1353 ὲ
1402 1295 1642 1377 exprimi
1683 1292 1893 1375 potest.

543 1374 708 1435 Nihil
741 1374 952 1435 deinde
975 1390 1179 1455 optare
1207 1314 1395 1434 affiiis
1420 1376 1685 1435 homines
1706 1420 1726 1448 ‚
1756 1374 1895 1435 nihil

543 1453 651 1515 Dii
669 1456 998 1515 hominibus
1056 1452 1279 1516 raestare
1301 1453 1527 1536 poss'unt
1549 1500 1568 1529 ‚
1588 1455 1730 1516 nihil
1746 1472 1894 1516 voto

519 1539 711 1596 -conci
758 1538 772 1550 “
795 1579 814 1607 ,
837 1533 976 1597 nihil
1000 1550 1002 1553 ’
1023 1534 1271 1597 elicitate
1294 1534 1671 1597 consummari
1693 1581 1711 1609 ,
1735 1536 1895 1619 quod

541 1636 668 1677 non
703 1557 991 1699 ffugustus
1012 1662 1032 1690 ‚
1076 1612 1204 1697 post
1243 1616 1490 1677 reditum
1526 1620 1585 1699 in
1626 1616 1849 1677 Urbem
1875 1662 1896 1691 ‚

547 1697 877 1779 reipublicae
915 1699 1255 1779 populoque
1293 1696 1563 1759 Romano
1601 1714 1899 1757 terrarum-

547 1798 660 1858 que
694 1778 823 1837 orbi
853 1776 1365 1859 repraesentaverit.
1399 1777 1586 1838 Finit'a
1617 1780 1897 1839 vicesimo

550 1878 705 1917 anno
723 1856 873 1917 bella
893 1858 1085 1917 civilia
1099 1900 1119 1930 ,
1137 1855 1355 1939 sepulta
1378 1874 1641 1933 externa,
1662 1880 1898 1919 revoca·

517 1952 604 1997 ·ta
620 1958 733 2018 pax
754 1981 775 2010 ,
807 1936 1020 2017 sopitus
1044 1937 1258 2018 ubique
1281 1959 1571 1999 armorum
1588 1937 1747 2003 furor
1761 1982 1781 2013 ‚
1808 1960 1901 2001 re·

497 2060 501 2064 -
547 2015 738 2078 stituta
769 2019 862 2077 vis
897 2015 1116 2099 legibus
1138 2060 1161 2091 ‚
1196 2015 1423 2097 judiciis
1452 2017 1751 2081 aufioritas
1772 2062 1791 2093 ‚
1818 2018 1901 2080 se-

516 2142 522 2146 -
549 2101 708 2158 natui
731 2096 992 2177 majestas
1013 2100 1353 2178 :imperium
1374 2098 1799 2183 magistratuum
1827 2100 1901 2160 ad

552 2176 846 2261 pristinum
871 2176 1160 2240 redafihim
1192 2180 1435 2240 modum
1454 2182 1899 2255 3tantummodo

553 2256 689 2320 οᾶο
721 2260 1063 2341 praetoribus
1094 2258 1275 2319 aiieffl
1310 2261 1426 2322 duo
1452 2282 1469 2335 ;
1494 2258 1671 2341 prisca
1705 2260 1797 2317 illa
1832 2260 1899 2319 &

551 2342 784 2421 antiqua
815 2340 1143 2419 reipublicae
1175 2339 1359 2399 forma
1386 2357 1673 2400 revocata.
1700 2338 1901 2400 Rediit

545 2419 738 2478 cultus
769 2420 916 2499 agris
932 2462 955 2489 ,
989 2418 1155 2477 sacris
1178 2419 1363 2478 honos
1383 2464 1400 2487 ‚
1424 2418 1687 2478 securitas
1710 2420 1902 2479 homi-

549 2496 718 2556 nibus
757 2520 775 2571 ;
819 2515 976 2557 certa
1021 2500 1229 2578 cuique
1268 2518 1463 2557 rerum
1503 2496 1723 2559 suarum
1766 2497 1902 2579 pos-

507 2646 510 2650 ·
549 2575 728 2636 sessio
760 2599 774 2637 ι
812 2578 832 2636 l
907 2596 970 2636 es
999 2577 1327 2649 emendata
1351 2580 1564 2640 utiliter
1591 2624 1613 2650 ,
1649 2579 1777 2640 latae
1816 2579 1900 2639 sa-

498 2729 513 2741 ·
551 2656 790 2737 iubritei·
824 2678 843 2731 3
899 2674 1097 2717 enatus
1138 2660 1259 2719 sine
1288 2657 1591 2741 'asperitate
1630 2682 1739 2721 nec
1776 2663 1899 2721 sine

513 2776 522 2783 -
548 2735 847 2801 severitate
874 2736 1073 2802 lestus.
1094 2737 1383 2825 Principes
1402 2744 1550 2819 viri,
1578 2740 1901 2823 triumphis-

513 2863 516 2865 ψ
1783 2840 1899 2905 que
