2067 3667
530 258 803 330 H1sr.
852 258 1161 331 Lmen
1214 260 1276 331 Ι.
1493 282 1574 357 13

212 374 517 440 'dicentem
539 408 570 451 ‚-
606 377 1038 461 circumscripsit
1078 380 1300 464 virgula
1325 424 1343 455 ,
1387 378 1584 461 jussit·

218 480 373 599 gne,
400 462 555 540 prius
576 459 906 541 responsum
928 461 1175 522 reddere
1191 508 1210 535 ‚
1229 461 1400 545 quium
1423 482 1586 544 egre·-

270 557 463 601 eretur
494 538 658 601 finito
692 562 876 601 arenae
903 542 1139 603 circuio.
1168 540 1259 602 Sic
1287 563 1357 603 co
1399 545 1586 603 itatio-

218 642 364 681 nem
403 624 619 703 regiam
660 620 923 681 Romana
962 620 1185 703 disjecit
1222 644 1333 684 con
1385 626 1534 683 antia
1561 667 1586 696 ,

220 702 643 783 obeditumque
676 704 942 783 imperio.
978 702 1158 763 Lucio
1196 721 1387 764 autem
1416 703 1587 763 Paul-

222 783 289 843 lo
312 827 333 857 ,
359 802 579 923 mafinae
602 781 855 843 vicioriae
881 786 1184 866 compoti,
1209 802 1453 866 quatuor
1483 782 1600 843 fili?

222 861 413 924 fuere.
500 884 535 921 x
564 866 631 923 iis
674 863 823 925 duos
846 909 867 936 ‚
904 882 1042 923 natu
1073 864 1320 943 majores
1344 910 1364 937 ,
1406 886 1596 925 unum-

222 942 433 1005 Publio
464 941 764 1025 Scipioni,
799 944 983 1005 Publii
1016 944 1274 1006 Africani
1305 945 1427 1006 filio
1447 991 1471 1018 ,
1506 948 1596 1005 ni·

226 1025 312 1087 hii
345 1045 419 1085 ex
452 1026 689 1107 paterna
724 1022 1017 1103 majestate
1040 1070 1064 1097 ,
1099 1044 1306 1109 praeter
1338 1024 1590 1107 speciem

228 1108 485 1167 nominis
514 1152 533 1181 ,
588 1108 977 1187 vigoremque
1041 1107 1390 1187 eloquentiae
1445 1108 1594 1165 reti-

228 1190 391 1247 nenti
416 1230 435 1260 ,
484 1189 542 1247 in
586 1186 965 1268 adoptionem
1020 1187 1256 1247 dederat
1279 1208 1304 1261 3-
1347 1187 1592 1249 alterum

230 1268 413 1329 Fabio
451 1267 709 1327 Maximo
740 1290 753 1327 ε
784 1267 929 1328 duos
956 1270 1211 1328 minores
1242 1285 1376 1329 natu
1397 1312 1416 1342 ‚
1439 1288 1594 1349 prae·

228 1365 479 1410 textatos
502 1392 521 1422 ‚
555 1367 672 1430 quo
708 1363 974 1430 tempore
1014 1347 1316 1409 vissoriam
1347 1349 1594 1430 adeptus

232 1428 323 1491 est
349 1476 367 1501 ,
414 1429 629 1490 habuit.
668 1427 724 1489 Is
772 1448 953 1511 quum
991 1430 1053 1487 in
1099 1432 1382 1491 concione
1429 1446 1594 1489 extra

232 1512 442 1573 urbem
472 1555 491 1585 ‚
538 1530 700 1571 more
756 1510 1042 1587 maiorum
1068 1556 1085 1579 ,
1134 1524 1268 1570 ante
1319 1508 1594 1591 triumphi

236 1593 399 1653 diem
423 1638 440 1663 ,
480 1592 741 1651 ordinem
777 1590 1038 1651 acierum
1069 1588 1300 1650 suorum
1335 1610 1596 1650 comme-

237 1690 493 1734 moraret
517 1717 539 1743 ‚
574 1672 743 1732 Deos
772 1671 1128 1731 immortales
1163 1687 1428 1752 precatus
1460 1668 1542 1730 est
1573 1714 1598 1745 ‚

240 1768 343 1825 nt,
371 1755 415 1811 si
432 1755 557 1833 quis
574 1773 775 1813 eorum
793 1752 1086 1813 invideret
1105 1750 1378 1833 operibus
1399 1772 1464 1811 ac
1483 1749 1600 1811 for·

237 1851 395 1895 tunae
418 1831 526 1893 suae
548 1880 567 1907 ‚
588 1836 645 1893 in
667 1832 849 1914 ipsum
870 1833 1067 1914 potius
1101 1831 1364 1893 saevirent
1381 1878 1398 1902 ,
1424 1831 1600 1913 quem

240 1916 307 1975 in
328 1916 765 1998 rempublicam.
789 1913 946 1993 Quae
967 1934 1089 1975 vox
1109 1956 1130 1987 ‚
1151 1914 1336 1973 veluti
1359 1912 1602 1973 oraculo

242 1993 439 2057 emissa
464 2041 483 2066 ‚
534 1995 743 2078 magna
780 2012 941 2076 parte
990 2014 1122 2054 eum
1164 1992 1430 2133 spoliavit
1473 1992 1604 2052 san-

324 2078 429 2135 ’nis
463 2074 543 2136 sui
569 2100 587 2138 't
616 2096 749 2136 nam
784 2075 1026 2136 alterum
1064 2096 1136 2135 ex
1198 2077 1320 2148 οἱς,
1363 2092 1509 2155 quos
1541 2076 1604 2135 in

272 2158 461 2217 amilia
513 2160 821 2218 retinuerat
848 2202 867 2232 ,
914 2156 1112 2217 liberis
1138 2200 1157 2229 ,
1207 2171 1342 2215 ante
1387 2174 1604 2235 paucos

243 2237 567 2317 triumphi,
612 2239 853 2298 aiterum
902 2235 1031 2317 post
1073 2238 1378 2317 pauciores
1419 2236 1610 2295 amisit

248 2320 393 2380 dies.
436 2318 661 2401 Aspera
703 2321 853 2379 circa
896 2318 1017 2378 haec
1059 2334 1324 2400 tempora
1375 2316 1610 2377 censura

244 2400 438 2463 Fulvii
480 2400 665 2461 Flacci
694 2445 716 2473 ‚
766 2401 831 2461 &
875 2397 1148 2460 Postumii
1194 2400 1392 2462 Albini
1439 2398 1546 2457 fuit
1588 2419 1607 2458 t

248 2485 391 2565 quip
435 2502 468 2541 e
503 2480 688 2543 Fulvii
724 2478 972 2540 censoris
1012 2480 1184 2540 frater
1207 2525 1225 2553 ‚
1271 2482 1334 2540 δε
1371 2480 1610 2559 quidem

250 2584 369 2624 con
394 2584 492 2623 ors
516 2607 536 2636 ,
578 2560 691 2623 Cn.
732 2560 1010 2631 Fulvius,
1056 2561 1250 2622 senatu
1289 2576 1480 2619 motus
1525 2554 1610 2619 est

250 2644 331 2706 ab
364 2646 431 2701 iis
458 2640 803 2703 censoribus·
1505 2648 1514 2655 ‘

336 2722 457 2785 xl.
498 2722 633 2788 Post
678 2722 892 2789 vicium
946 2682 1290 2805 captumque
1335 2718 1550 2784 Persea
1582 2762 1610 2795 ,
