2067 3667
519 294 800 393 Ηιξῒ.
851 277 1153 367 'mmm
1206 301 1313 369 II.
1486 320 1579 399 75

229 412 412 499 po‘ss'et
435 460 452 485 ,
477 412 701 495 majore
729 432 888 497 parte
925 418 1057 475 anni
1089 414 1251 477 dorni
1282 418 1339 476 se
1367 421 1581 480 tenuit:

227 518 343 578 quo
375 492 526 555 faao
548 542 565 565 ,
593 496 734 555 dum
761 514 970 577 augere
1001 497 1131 556 vult
1160 498 1433 557 invidiam
1459 500 1583 559 col·

225 577 363 658 legae
394 620 418 647 ,
449 578 606 635 auxit
642 578 982 657 potentiam.
1027 575 1185 635 Tum
1220 574 1434 639 Caesari
1472 581 1581 652 deq

224 674 393 719 cretae
431 658 490 715 in
571 658 982 737 uinquennium
1018 654 1245 719 Gauiae.

301 735 494 797 XLV.
581 757 646 797 er
688 736 844 798 idem
888 753 1123 819 tempus
1163 737 1226 799 P.
1274 736 1523 801 Clodius
1551 784 1574 813 ,

222 818 402 880 homo
425 817 634 878 nobilis
651 862 672 890 ,
707 816 940 878 disertus
960 862 982 889 ,
1007 818 1195 879 audax
1212 863 1235 892 ,
1251 822 1351 901 qui
1378 840 1575 904 neque

221 898 452 959 dicendi
481 919 556 957 ne
639 918 672 957 e
705 897 954 958 faciendi
988 898 1169 959 ullum
1196 946 1213 969 ,
1249 902 1358 962 niisi
1394 922 1575 985 quem

218 980 439 1054 vellet,
469 919 652 1039 unffi-:st
679 980 922 1039 modum
945 1024 967 1050 ‚
995 981 1278 1039 malornm
1303 983 1576 1065 proposi·

217 1078 412 1122 torum
447 1058 744 1121 exsecutor
765 1062 1076 1119 acen-imus
1098 1104 1117 1134 ,
1146 1060 1371 1121 infamis
1399 1064 1575 1123 etiam

133 1162 140 1169 ·
215 1140 428 1203 sororis
475 1139 670 1222 stupro
705 1183 725 1211 ‚
765 1142 833 1202 ὅτ.
872 1138 1028 1199 astus
1070 1139 1271 1201 incesti
1316 1162 1447 1202 reus
1489 1142 1573 1202 ob

213 1224 424 1282 initum
456 1222 605 1281 inter
627 1220 1051 1303 religiosissima
1083 1220 1285 1303 populi
1318 1220 1574 1283 Rotnani

216 1302 370 1363 sacra
395 1302 783 1376 adulterium3
818 1321 997 1384 quum
1060 1304 1571 1366 ravesinimicitias

213 1405 351 1444 cum
371 1380 660 1444 Cicerone
691 1398 988 1442 exerceret
1061 1382 1199 1465 quid
1229 1385 1383 1444 enim
1416 1386 1573 1445 inter

209 1482 332 1524 t-am
367 1462 668 1524 dissimiles
703 1464 957 1523 amicum
997 1460 1111 1522 effe
1188 1480 1373 1524 oterat
1400 1464 1463 1547 i]
1500 1466 1571 1527 &

209 1566 245 1604 a
279 1540 530 1625 patribus
559 1544 646 1604 ad'
667 1543 902 1624 plebem
931 1546 1103 1603 transi
1148 1560 1209 1603 et
1226 1588 1249 1613 ,
1278 1543 1471 1625 legem
1502 1547 1589 1607 in:

209 1626 502 1685 tribunatu
537 1626 666 1684 tulit
699 1645 714 1683 ε
752 1626 849 1704 qui
883 1626 1075 1685 civem
1114 1622 1443 1683 Romanum
1472 1624 1570 1683 in·-

209 1708 546 1765 demnatum
585 1700 956 1764 interemiffet
985 1746 1006 1775 ‚
1052 1703 1109 1761 ei
1152 1702 1315 1785 aqu&
1342 1704 1407 1765 δι
1442 1706 1589 1787 igni:

207 1786 670 1847 interdiceretur.
705 1782 890 1865 Cujus
922 1782 1119 1843 verbis
1156 1787 1263 1844 etsi
1298 1804 1417 1845 non
1454 1806 1565 1847 no-

203 1866 530 1929 minabatur
561 1865 774 1927 Cicero
795 1907 816 1937 ,
843 1881 1034 1924 tamen
1067 1862 1215 1925 solus
1282 1866 1584 1929 etebatun·

204 1948 302 2008 Ita
317 1949 404 2009 vir
422 1994 440 2019 ‚
460 1947 680 2029 optime
707 1946 946 2006 meritus
963 1944 1038 2004 de
1058 1944 1241 2026 repub
1260 1946 1349 2005 ica
1368 1992 1387 2017 ,
1415 1966 1562 2007 con-

204 2028 450 2088 servatae
495 2028 692 2110 patriae
729 2027 974 2109 pretium
1023 2025 1339 2086 calamime
1378 2028 1563 2088 exsilii

201 2108 360 2169 tulit.
409 2108 549 2168 Non
597 2122 894 2167 carnerunt
939 2104 1253 2186 suspicione
1294 2108 1562 2187 oppressi

203 2188 514 2251 Ciceronis
554 2172 743 2247 Caesar
789 2188 856 2248 δι
899 2186 1229 2267 Pompeius.
1268 2186 1403 2245 Hoc
1432 2186 1559 2246 'sibi

197 2270 514 2331 videbatur
551 2265 888 2327 contraxifl'e
922 2265 1132 2326 Cicero
1159 2309 1177 2338 ‚
1212 2265 1373 2348 quod
1408 2266 1563 2327 inter

195 2353 268 2411 vi
314 2352 415 2410 'nti
457 2352 616 2411 virus
671 2345 992 2408 dividendo
1051 2366 1189 2429 agro
1250 2344 1558 2427 Campano

197 2452 235 2492 e
295 2452 326 2491 e
353 2428 640 2491 noluisset.
675 2428 842 2489 Idem
876 2429 1022 2487 intra
1055 2427 1391 2498 biennium,
1428 2426 1557 2489 sera

193 2512 486 2593 Pompeii⁴
504 2512 673 2581 cura,
707 2511 954 2579 verbm,
983 2524 1049 2568 ut
1085 2510 1297 2591 coepit,
1328 2510 1555 2569 interri-

191 2592 264 2653 ῐὲ,
289 2635 312 2665 ,
340 2590 610 2673 votisque
641 2590 819 2651 Italia⁴
836 2633 857 2663 ‚
899 2610 967 2649 ac
1004 2589 1266 2665 decretis·
1284 2586 1505 2649 senat-fis
1527 2632 1554 2661 ,

187 2675 422 2733 virtute
454 2689 624 2755 atque
656 2669 876 2732 afflone
895 2669 1075 2741 Annii
1102 2668 1343 2730 Milonis
1366 2670 1555 2731 tribu-

183 2756 253 2816 ni
283 2754 508 2837 plebis,
529 2752 788 2837 dignitati
801 2752 1119 2834 patriaeque
1142 2747 1427 2891 “ssuff-m‘
1448 2747 1553 2813 est.

1305 2849 1349 2910 ¹1
