2067 3667
466 307 570 386 '40
716 294 788 365 C.
820 297 1111 363 ‘Vina
1160 292 1273 361 ΡΑ
1301 300 1564 361 Tenc.

472 432 641 477 tuens
672 411 1152 475 circumstantium
1187 412 1668 493 moerentiumque
1701 406 1830 471 fre-

470 497 765 577 quentiam
784 536 804 567 ‚
846 491 1048 554 effudit
1087 513 1301 554 vocem
1343 494 1830 553 convenientissi-
1873 530 1882 537 -

472 594 629 639 mam
660 573 1017 636 conscientiae
1050 571 1162 634 suae
1188 575 1527 653 :Ecquando
1547 616 1570 644 ‚
1597 573 1784 653 inquit
1802 614 1826 645 ,

467 658 763 738 propinqui
795 656 1060 734 amicique
1079 696 1102 724 ‚
1137 654 1368 733 similem
1400 655 1502 713 mei
1532 656 1702 713 civem
1721 654 1832 713 ha·

474 738 617 797 bebit
650 734 941 816 respublica
976 738 1011 796 ?
1044 734 1215 795 Hunc
1264 731 1444 794 finem
1475 732 1828 794 clarissimus

472 814 701 897 juvenis
739 815 877 879 vitae
914 814 1112 875 habuit
1143 834 1164 889 ;
1197 812 1358 893 cujus
1390 834 1618 875 morum
1653 816 1830 874 mini-

473 897 569 963 m}
610 897 906 959 omittatur
940 912 1356 979 argumentum.
1391 892 1598 973 Quum
1641 893 1828 955 aedifi-
1877 936 1882 943 -

473 976 907 1045 caretdomum
940 978 1001 1036 in
1034 976 1252 1037 Palatio
1293 978 1352 1035 in
1391 995 1464 1037 eo
1499 976 1634 1035 loco
1659 1018 1679 1048 ‚
1723 974 1827 1033 ubi

476 1056 561 1119 est
582 1101 603 1132 ‚
634 1080 763 1140 quae
793 1057 1084 1139 quondam
1118 1055 1456 1129 Ciceronis,
1491 1076 1630 1115 mox
1668 1052 1828 1116 Cen·
1867 1098 1880 1103 -

476 1138 652 1200 sotini
680 1138 785 1199 fuit
804 1183 823 1212 ‚
854 1160 1003 1199 nunc
1039 1136 1241 1197 Statilii
1265 1136 1508 1197 Sisennae
1541 1134 1622 1196 est
1643 1180 1662 1209 ‚
1691 1158 1829 1216 pro-

473 1222 839 1301 mitteretque
870 1221 922 1279 ei
952 1218 1285 1278 architectus
1305 1262 1324 1289 ‚
1345 1215 1503 1278 ita-se
1533 1238 1659 1277 eam
1683 1217 1828 1277 aedi-
1871 1256 1882 1265 ·

476 1298 777 1362 ficaturum
794 1344 813 1372 ,
837 1316 901 1359 ut
934 1299 1111 1359 libera
1132 1320 1164 1357 a
1187 1297 1489 1379 conspeciu
1509 1342 1531 1369 ,
1556 1299 1828 1357 immunis

473 1380 547 1439 ab
572 1380 840 1441 omnibus
870 1379 1094 1439 arbitris
1124 1378 1296 1453 effet,
1315 1398 1505 1461 neque
1527 1376 1827 1460 quisquam
1867 1414 1874 1421 —

472 1461 537 1521 in
559 1480 688 1521 eam
718 1457 1010 1540 despicere
1043 1458 1226 1539 poffet
1255 1481 1272 1520 ε
1302 1462 1382 1521 Tu
1404 1460 1528 1519 verb
1550 1506 1567 1529 ‚
1599 1460 1781 1539 inquit
1803 1502 1828 1531 ,

473 1544 527 1601 si
552 1544 687 1620 quid
714 1543 775 1601 in
808 1558 858 1599 te
891 1543 1025 1599 artis
1059 1542 1127 1621 est
1141 1584 1166 1611 ,
1201 1542 1284 1599 ita
1321 1561 1576 1620 compone
1609 1541 1831 1599 domum-

475 1643 646 1682 meam
672 1666 691 1691 ,
738 1638 799 1681 ut
835 1664 852 1690 ,
900 1622 1166 1701 quidquid
1203 1641 1364 1703 agam
1398 1664 1422 1694 ,
1457 1622 1530 1681 ‘ab
1581 1621 1828 1681 omnibus
1867 1672 1874 1678 .

360 1708 372 1711 “
465 1700 603 1784 pers
620 1705 695 1763 ici
768 1703 923 1762 ossit.
1845 1750 1850 1757 .

553 1725 619 1841 ἦ
625 1781 704 1843 V.
760 1803 797 1840 n
829 1780 1052 1863 legibus
1081 1779 1330 1843 Gracchi
1360 1782 1510 1841 inter
1541 1780 1825 1861 pernicio-

476 1864 695 1923 sissima
724 1863 1149 1922 numeraverim
1173 1906 1192 1935 ,
1227 1862 1388 1943 quod
1422 1878 1581 1921 extra
1597 1860 1826 1921 Italiam

473 1942 729 2005 colonias
763 1940 965 2024 posuit.
1005 1940 1074 2001 Id
1115 1939 1368 2019 majores
1391 1939 1620 2083 Equum
1655 1942 1826 2001 vide-

470 2040 599 2083 rent
614 2025 771 2083 tantb
792 2023 1184 2103 potentiorem
1197 2020 1370 2103 Tyro
1447 2023 1790 2103 arthaginem
1801 2066 1829 2096 ,

471 2103 791 2167 Massiliam
830 2102 1071 2163 Phocaea
1091 2146 1110 2175 ,
1152 2101 1460 2183 Syracusas
1491 2100 1774 2165 Corintho
1796 2144 1820 2172 ‚

472 2182 761 2265 Cyzicum
815 2204 881 2243 ac
932 2182 1278 2264 Byzantium
1325 2182 1538 2245 Mileto
1593 2183 1826 2265 genitali

472 2264 643 2347 solo]
677 2266 981 2347 diligenter
1010 2268 1332 2327 vitaverant
1355 2308 1376 2339 ,
1411 2282 1475 2324 ut
1509 2264 1668 2324 cives
1699 2263 1824 2325 Ro-

472 2366 676 2409 manos
707 2345 780 2404 ad
812 2344 1158 2406 censendum
1183 2366 1256 2405 ex
1284 2346 1602 2425 provinciis
1629 2347 1686 2403 in
1709 2342 1826 2405 Ita-

470 2427 609 2487 liam
641 2430 1066 2487 revocaverint.
1097 2425 1281 2485 Prima
1311 2443 1504 2485 autem
1533 2442 1691 2485 extra
1713 2422 1826 2485 Ita-

470 2506 608 2566 liam
646 2506 879 2566 colonia
916 2504 1204 2586 Carthago
1242 2505 1472 2566 condita
1505 2502 1606 2565 est.
1653 2504 1828 2565 Mors

468 2584 651 2647 Drusi
693 2582 807 2645 ‘am
842 2584 1066 2665 pridem
1105 2584 1432 2645 tumescens
1464 2585 1684 2646 bellum
1723 2607 1826 2646 ex·

469 2667 669 2727 citavit
691 2606 981 2725 ltalicum:
1005 2668 1218 2747 quippe
1236 2665 1303 2725 L.
1327 2663 1552 2727 Caesare
1573 2710 1593 2741 ‚
1611 2662 1672 2725 P.
1697 2664 1828 2727 Ru-
1875 2712 1885 2721 .

467 2746 595 2809 tilio
634 2743 768 2811 coss'.
808 2746 1019 2809 abhinc
1065 2766 1248 2821 annos
1297 2764 1528 2811 centum
1577 2747 1842 2830 viginti,¹
