2067 3667
510 301 788 374 Htsr.
844 304 1155 375 Luna
1204 304 1314 376 ΙΙ.
1433 326 1566 400 137
1646 295 1669 303 ’

299 420 489 484 CVI.
529 421 682 482 Proh
718 420 822 482 Dii
861 423 1004 483 boni
1026 466 1046 495 ,
1087 424 1281 503 quanti
1320 422 1571 483 volumi-

218 504 306 563 nis
343 523 524 583 opera
555 501 872 584 insequenti
909 501 1098 564 aestate
1137 500 1239 563 sub
1278 502 1423 563 duce
1460 502 1571 562 Ti·-

217 584 384 645 berio
403 582 634 647 ‚Caesare
669 585 946 665 gessimus
975 586 992 644 1
1025 583 1367 645 Perlustrata
1398 585 1571 643 armis

219 680 344 723 tota
381 662 698 725 Germania
736 662 817 725 est
859 688 876 724 ε
922 662 1089 724 νίἐὶω
1129 680 1333 746 gentes
1354 705 1375 735 ‚
1418 683 1570 744 pene

215 745 548 805 nominibus
593 745 898 827 incognita
936 765 956 804 .·
1004 761 1268 834 receptae·
1302 742 1575 805 Caucho-

220 845 350 885 rum
397 842 659 885 nationes
697 846 713 887 ε
759 845 948 885 omms
999 846 1202 885 eorum
1254 842 1522 902 juventus
1551 864 1585 897 ,-

220 904 436 966 infinita
481 926 729 967 numero
763 951 782 979 ‚
835 904 1112 966 immensa
1166 906 1506 986 corporibus
1555 949 1578 979 ,

224 988 337 1047 situ
386 986 653 1047 locorum
700 988 980 1046 tutissima
1020 1032 1040 1060 ‚
1085 986 1301 1046 traditis
1354 988 1523 1044 armis
1550 1029 1577 1056 ,

223 1065 338 1126 una
374 1088 509 1127 cum
545 1065 784 1127 ducibus
818 1064 926 1125 suis
954 1111 974 1139 ‚
1007 1066 1165 1147 septa
1204 1066 1443 1147 fulgenti
1484 1087 1573 1124 ar-

224 1165 498 1229 matoque
523 1148 771 1207 militum
805 1144 1129 1207 nostrorum
1160 1151 1422 1227 agmine,
1444 1164 1575 1206 ante

222 1230 302 1288 im
346 1230 583 1287 eratoris
611 1227 918 1310 procubuit
939 1226 1200 1286 tribunal.
1226 1224 1405 1285 Fraffl
1428 1226 1581 1286 Lan-

226 1251 466 1390 gobardi
485 1352 508 1381 ,
539 1328 680 1390 gens
712 1310 884 1368 etiam
914 1305 1208 1369 Germana
1240 1304 1461 1367 feritate
1488 1307 1577 1366 fe·-

227 1391 417 1449 rocior
436 1388 720 1470 :denique
749 1388 910 1469 quod
937 1408 1253 1468 numquam
1284 1404 1449 1447 antea
1478 1386 1577 1469 spe

227 1487 575 1550 conceptum
596 1512 616 1543 ,
645 1469 860 1529 nedum
897 1488 1079 1549 opere
1110 1484 1394 1528 tentatum
1419 1485 1579 1541 erat,

227 1551 301 1612 ad
327 1546 950 1631 quadringentesimum
982 1548 1307 1607 milliarium
1324 1593 1347 1620 ‚
1368 1570 1401 1607 a
1425 1547 1581 1607 Rhe·

227 1652 310 1691 no
343 1630 517 1709 usque
552 1630 625 1689 ad
661 1630 882 1688 flumen
915 1628 1116 1687 Albim
1141 1670 1160 1699 ,
1200 1630 1295 1709 qui
1331 1626 1583 1687 Semno-

231 1730 372 1769 num
409 1709 998 1788 Hermundorumque
1033 1706 1178 1767 fines
1212 1706 1580 1789 praeterfluit,

231 1788 528 1850 Romanus
555 1808 688 1851 cum
718 1790 890 1871 signis
928 1787 1233 1868 perduElus
1265 1790 1581 1861 exercitus;

235 1871 296 1934 &
333 1868 582 1942 e6dem,
615 1863 768 1929 mira
793 1868 1062 1928 felicitate
1108 1869 1173 1929 &
1211 1869 1345 1929 cura
1378 1869 1538 1929 ducis
1558 1913 1581 1943 ,

231 1968 562 2031 temporum
605 1970 840 2032 quoque
879 1947 1245 2009 observantia
1272 1994 1293 2021 ,
1348 1950 1538 2009 classis
1562 1990 1585 2022 ‚

233 2052 362 2111 quae
422 2028 644 2089 Oceani
709 2030 1296 2111 circumnavigaverat
1354 2032 1508 2091 sinus
1562 2075 1583 2105 ,

235 2110 308 2169 ab
346 2110 598 2170 inaudito
625 2126 795 2191 atque
825 2112 959 2170 inco
999 2112 1121 2169 nito
1153 2110 1285 2169 ante
1310 2113 1451 2169 mari
1477 2110 1587 2169 flu·

235 2193 390 2253 mine
423 2190 560 2249 Albi
594 2188 856 2251 subveEka
877 2232 896 2260 ‚
935 2211 971 2268 p
995 2192 1303 2249 mimarum
1330 2192 1587 2271 gentium

232 2270 484 2342 νίἐὶοτί,
522 2291 656 2330 cum
700 2268 1181 2329 abundantissima
1224 2290 1414 2329 rerum
1457 2290 1587 2329 om·

233 2355 394 2413 nium
429 2374 499 2411 co
546 2353 632 2423 ia,
667 2351 940 2409 exercitui
961 2347 1285 2430 Caesarique
1306 2348 1363 2411 se
1386 2347 1590 2427 junxit.

321 2431 481 2493 CVI
525 2476 540 2492 .
576 2430 714 2491 Non
737 2448 1004 2510 tempero
1031 2429 1169 2490 mihi
1193 2472 1213 2503 ,
1246 2432 1389 2511 quin.
1416 2448 1590 2491 tantae

240 2533 430 2573 rerum
456 2534 548 2573 ma
587 2512 830 2572 nitudini
851 2512 963 2571 hoc
987 2556 1006 2584 ‚
1031 2510 1444 2592 qualecumque
1469 2510 1551 2571 est
1567 2555 1589 2583 ,

243 2591 504 2653 inseram.
535 2533 739 2669 guum
769 2594 1099 2651 citeriorem
1133 2593 1313 2672 ripam
1336 2590 1595 2671 praedifli

244 2673 492 2732 fluminis
526 2670 716 2731 castris
751 2670 1181 2751 occupassemus
1202 2715 1222 2741 ,
1257 2672 1323 2731 81.
1354 2671 1591 2731 ulterior

243 2752 466 2817 armata
501 2750 752 2817 hostium
796 2750 1107 2834 juventute
1148 2749 1391 2835 fulgeret
1426 2786 1452 2825 ,ι
1486 2750 1597 2813 sub
