<?xml version="1.0" encoding="UTF-8"?>
<!DOCTYPE html PUBLIC "-//W3C//DTD XHTML 1.0 Transitional//EN"
    "http://www.w3.org/TR/xhtml1/DTD/xhtml1-transitional.dtd">
<html xmlns="http://www.w3.org/1999/xhtml" xml:lang="en" lang="en">
 <head>
  <title>
</title>
<meta http-equiv="Content-Type" content="text/html;charset=utf-8" />
  <meta name='ocr-system' content='tesseract 3.04.00' />
  <meta name='ocr-capabilities' content='ocr_page ocr_carea ocr_par ocr_line ocrx_word'/>
</head>
<body>
  <div class='ocr_page' id='page_1' title='image "./caiivelleiipate00lallgoog_0193.png"; bbox 0 0 2067 3667; ppageno 0'>
   <div class='ocr_carea' id='block_1_1' title="bbox 166 284 1532 343">
    <p class='ocr_par' dir='ltr' id='par_1_1' title="bbox 166 284 1532 343">
     <span class='ocr_line' id='line_1_1' title="bbox 166 284 1532 343; baseline 0.001 -3"><span class='ocrx_word' id='word_1_1' title='bbox 166 284 1532 343; x_wconf 42' lang='grc' dir='ltr'>Ἢ</span> 
     </span>
    </p>
   </div>
   <div class='ocr_carea' id='block_1_2' title="bbox 404 432 1295 524">
    <p class='ocr_par' dir='ltr' id='par_1_2' title="bbox 404 432 1295 524">
     <span class='ocr_line' id='line_1_2' title="bbox 404 432 1295 524; baseline 0.007 -6"><span class='ocrx_word' id='word_1_2' title='bbox 404 432 607 520; x_wconf 92' lang='lat' dir='ltr'>DE</span> <span class='ocrx_word' id='word_1_3' title='bbox 714 434 1295 524; x_wconf 89' lang='lat' dir='ltr'>FLORO</span> 
     </span>
    </p>
   </div>
   <div class='ocr_carea' id='block_1_3' title="bbox 172 609 1532 837">
    <p class='ocr_par' dir='ltr' id='par_1_3' title="bbox 172 609 1532 837">
     <span class='ocr_line' id='line_1_3' title="bbox 172 609 1532 689; baseline 0.004 -5"><span class='ocrx_word' id='word_1_4' title='bbox 172 611 307 684; x_wconf 86' lang='lat' dir='ltr'>EX</span> <span class='ocrx_word' id='word_1_5' title='bbox 346 609 763 683; x_wconf 87' lang='lat' dir='ltr'>GERARDI</span> <span class='ocrx_word' id='word_1_6' title='bbox 802 611 837 683; x_wconf 91' lang='lat' dir='ltr'>J</span> <span class='ocrx_word' id='word_1_7' title='bbox 841 611 1188 684; x_wconf 87' lang='lat' dir='ltr'><strong>OANNIS</strong></span> <span class='ocrx_word' id='word_1_8' title='bbox 1232 614 1532 689; x_wconf 86' lang='lat' dir='ltr'><strong>VOSSII</strong></span> 
     </span>
     <span class='ocr_line' id='line_1_4' title="bbox 330 774 1341 837; baseline 0 0"><span class='ocrx_word' id='word_1_9' title='bbox 330 775 520 837; x_wconf 81' lang='lat' dir='ltr'><strong><em>LIB.</em></strong></span> <span class='ocrx_word' id='word_1_10' title='bbox 560 774 614 834; x_wconf 89' lang='lat'>1.</span> <span class='ocrx_word' id='word_1_11' title='bbox 653 774 792 833; x_wconf 87' lang='lat' dir='ltr'>DE</span> <span class='ocrx_word' id='word_1_12' title='bbox 828 774 1087 835; x_wconf 89' lang='lat' dir='ltr'><strong>HIST.</strong></span> <span class='ocrx_word' id='word_1_13' title='bbox 1127 776 1341 837; x_wconf 83' lang='lat' dir='ltr'><em>LAT.</em></span> 
     </span>
    </p>
   </div>
   <div class='ocr_carea' id='block_1_4' title="bbox 162 869 1590 2897">
    <p class='ocr_par' dir='ltr' id='par_1_4' title="bbox 162 869 1590 2897">
     <span class='ocr_line' id='line_1_5' title="bbox 172 869 1530 996; baseline 0.003 -15"><span class='ocrx_word' id='word_1_14' title='bbox 172 869 260 981; x_wconf 86' lang='lat' dir='ltr'><strong>E</strong></span> <span class='ocrx_word' id='word_1_15' title='bbox 286 945 330 983; x_wconf 84' lang='lat' dir='ltr'>x</span> <span class='ocrx_word' id='word_1_16' title='bbox 353 943 392 982; x_wconf 83' lang='lat' dir='ltr'>&#39;r</span> <span class='ocrx_word' id='word_1_17' title='bbox 413 943 453 981; x_wconf 81' lang='grc' dir='ltr'>ιι</span> <span class='ocrx_word' id='word_1_18' title='bbox 473 943 508 981; x_wconf 73' lang='grc' dir='ltr'><strong><em>ε</em></strong></span> <span class='ocrx_word' id='word_1_19' title='bbox 530 942 583 979; x_wconf 74' lang='grc' dir='ltr'>Μ</span> <span class='ocrx_word' id='word_1_20' title='bbox 602 944 623 977; x_wconf 87' lang='lat'>1</span> <span class='ocrx_word' id='word_1_21' title='bbox 644 942 670 979; x_wconf 87' lang='lat' dir='ltr'><strong>s</strong></span> <span class='ocrx_word' id='word_1_22' title='bbox 720 925 937 989; x_wconf 80' lang='lat' dir='ltr'><strong>Traiani</strong></span> <span class='ocrx_word' id='word_1_23' title='bbox 973 930 1303 996; x_wconf 83' lang='lat' dir='ltr'>temporibus</span> <span class='ocrx_word' id='word_1_24' title='bbox 1343 931 1530 985; x_wconf 72' lang='lat' dir='ltr'>floruit</span> 
     </span>
     <span class='ocr_line' id='line_1_6' title="bbox 172 1002 1532 1069; baseline 0.004 -15"><span class='ocrx_word' id='word_1_25' title='bbox 172 1003 235 1055; x_wconf 87' lang='lat'>1..</span> <span class='ocrx_word' id='word_1_26' title='bbox 261 1004 929 1064; x_wconf 59' lang='grc' dir='ltr'>Ακιπευεῑιοιιυε,</span> <span class='ocrx_word' id='word_1_27' title='bbox 955 1002 1242 1069; x_wconf 86' lang='lat' dir='ltr'>quirerum</span> <span class='ocrx_word' id='word_1_28' title='bbox 1265 1004 1532 1059; x_wconf 79' lang='lat' dir='ltr'><strong>Romana-</strong></span> 
     </span>
     <span class='ocr_line' id='line_1_7' title="bbox 172 1074 1532 1144; baseline 0.003 -16"><span class='ocrx_word' id='word_1_29' title='bbox 172 1093 295 1128; x_wconf 84' lang='lat' dir='ltr'>rum</span> <span class='ocrx_word' id='word_1_30' title='bbox 338 1089 567 1144; x_wconf 85' lang='lat' dir='ltr'>quatuor</span> <span class='ocrx_word' id='word_1_31' title='bbox 612 1074 923 1141; x_wconf 86' lang='lat' dir='ltr'>perscripsit</span> <span class='ocrx_word' id='word_1_32' title='bbox 959 1076 1149 1128; x_wconf 84' lang='lat' dir='ltr'><strong>libros.</strong></span> <span class='ocrx_word' id='word_1_33' title='bbox 1196 1077 1280 1128; x_wconf 90' lang='lat' dir='ltr'>De</span> <span class='ocrx_word' id='word_1_34' title='bbox 1321 1094 1478 1132; x_wconf 84' lang='lat' dir='ltr'>aetate</span> <span class='ocrx_word' id='word_1_35' title='bbox 1511 1116 1532 1142; x_wconf 82' lang='grc'>,</span> 
     </span>
     <span class='ocr_line' id='line_1_8' title="bbox 174 1147 1530 1219; baseline 0.001 -18"><span class='ocrx_word' id='word_1_36' title='bbox 174 1150 323 1218; x_wconf 88' lang='lat' dir='ltr'>quod</span> <span class='ocrx_word' id='word_1_37' title='bbox 340 1148 455 1200; x_wconf 79' lang='lat' dir='ltr'>dixi</span> <span class='ocrx_word' id='word_1_38' title='bbox 476 1186 492 1210; x_wconf 87' lang='lat'>,</span> <span class='ocrx_word' id='word_1_39' title='bbox 512 1147 638 1199; x_wconf 84' lang='lat' dir='ltr'>satis</span> <span class='ocrx_word' id='word_1_40' title='bbox 656 1162 871 1215; x_wconf 83' lang='lat' dir='ltr'>apparet</span> <span class='ocrx_word' id='word_1_41' title='bbox 890 1164 961 1199; x_wconf 82' lang='lat' dir='ltr'>ex</span> <span class='ocrx_word' id='word_1_42' title='bbox 978 1148 1294 1202; x_wconf 79' lang='lat' dir='ltr'>Praefatione</span> <span class='ocrx_word' id='word_1_43' title='bbox 1315 1152 1496 1219; x_wconf 83' lang='lat' dir='ltr'>operis</span> <span class='ocrx_word' id='word_1_44' title='bbox 1510 1190 1530 1217; x_wconf 83' lang='lat'>‚</span> 
     </span>
     <span class='ocr_line' id='line_1_9' title="bbox 174 1219 1530 1290; baseline 0.001 -17"><span class='ocrx_word' id='word_1_45' title='bbox 174 1238 343 1290; x_wconf 82' lang='lat' dir='ltr'><strong>quum</strong></span> <span class='ocrx_word' id='word_1_46' title='bbox 372 1221 447 1274; x_wconf 83' lang='lat' dir='ltr'>ait</span> <span class='ocrx_word' id='word_1_47' title='bbox 476 1238 490 1272; x_wconf 75' lang='grc' dir='ltr'><strong>ε</strong></span> <span class='ocrx_word' id='word_1_48' title='bbox 514 1219 561 1269; x_wconf 76' lang='lat' dir='ltr'><em>A</em></span> <span class='ocrx_word' id='word_1_49' title='bbox 596 1220 763 1284; x_wconf 81' lang='lat' dir='ltr'><em>Caesare</em></span> <span class='ocrx_word' id='word_1_50' title='bbox 792 1220 1002 1287; x_wconf 80' lang='lat' dir='ltr'><em>Augusto</em></span> <span class='ocrx_word' id='word_1_51' title='bbox 1033 1225 1086 1270; x_wconf 73' lang='lat' dir='ltr'>in</span> <span class='ocrx_word' id='word_1_52' title='bbox 1093 1220 1308 1286; x_wconf 75' lang='lat' dir='ltr'>seculum</span> <span class='ocrx_word' id='word_1_53' title='bbox 1327 1224 1530 1286; x_wconf 73' lang='lat' dir='ltr'>nostrum</span> 
     </span>
     <span class='ocr_line' id='line_1_10' title="bbox 162 1292 1532 1363; baseline 0.001 -19"><span class='ocrx_word' id='word_1_54' title='bbox 162 1294 282 1359; x_wconf 80' lang='lat' dir='ltr'>fimt</span> <span class='ocrx_word' id='word_1_55' title='bbox 308 1312 407 1344; x_wconf 81' lang='lat' dir='ltr'>non</span> <span class='ocrx_word' id='word_1_56' title='bbox 437 1293 587 1343; x_wconf 60' lang='lat' dir='ltr'><em>multi&gt;</em></span> <span class='ocrx_word' id='word_1_57' title='bbox 618 1292 773 1343; x_wconf 69' lang='grc' dir='ltr'>ηιὶηιὶε</span> <span class='ocrx_word' id='word_1_58' title='bbox 802 1298 919 1342; x_wconf 81' lang='lat' dir='ltr'>anni</span> <span class='ocrx_word' id='word_1_59' title='bbox 948 1296 1140 1344; x_wconf 78' lang='lat' dir='ltr'>ducenti</span> <span class='ocrx_word' id='word_1_60' title='bbox 1163 1316 1184 1355; x_wconf 88' lang='lat'>‚·</span> <span class='ocrx_word' id='word_1_61' title='bbox 1207 1296 1373 1363; x_wconf 81' lang='lat' dir='ltr'><em>quibus</em></span> <span class='ocrx_word' id='word_1_62' title='bbox 1399 1302 1532 1349; x_wconf 75' lang='lat' dir='ltr'>iuer-</span> 
     </span>
     <span class='ocr_line' id='line_1_11' title="bbox 175 1366 1530 1434; baseline 0.004 -18"><span class='ocrx_word' id='word_1_63' title='bbox 175 1370 249 1417; x_wconf 69' lang='lat' dir='ltr'>tid</span> <span class='ocrx_word' id='word_1_64' title='bbox 284 1367 507 1434; x_wconf 76' lang='lat' dir='ltr'><em>Caefirum</em></span> <span class='ocrx_word' id='word_1_65' title='bbox 540 1371 681 1433; x_wconf 80' lang='lat' dir='ltr'><em>quasi</em></span> <span class='ocrx_word' id='word_1_66' title='bbox 713 1366 956 1432; x_wconf 76' lang='lat' dir='ltr'>confinuit</span> <span class='ocrx_word' id='word_1_67' title='bbox 987 1384 1128 1434; x_wconf 79' lang='lat' dir='ltr'><em>atque</em></span> <span class='ocrx_word' id='word_1_68' title='bbox 1163 1372 1360 1420; x_wconf 80' lang='lat' dir='ltr'><em>decoxit</em></span> <span class='ocrx_word' id='word_1_69' title='bbox 1379 1408 1396 1433; x_wconf 88' lang='lat'><strong>,</strong></span> <span class='ocrx_word' id='word_1_70' title='bbox 1429 1374 1530 1421; x_wconf 71' lang='lat' dir='ltr'>nisa·</span> 
     </span>
     <span class='ocr_line' id='line_1_12' title="bbox 172 1438 1530 1511; baseline 0.004 -22"><span class='ocrx_word' id='word_1_71' title='bbox 172 1441 298 1508; x_wconf 67' lang='lat' dir='ltr'><em>qubd</em></span> <span class='ocrx_word' id='word_1_72' title='bbox 309 1440 404 1507; x_wconf 78' lang='lat' dir='ltr'>fieb</span> <span class='ocrx_word' id='word_1_73' title='bbox 431 1438 639 1505; x_wconf 77' lang='lat' dir='ltr'>Trajano</span> <span class='ocrx_word' id='word_1_74' title='bbox 665 1456 823 1491; x_wconf 74' lang='lat' dir='ltr'>moret</span> <span class='ocrx_word' id='word_1_75' title='bbox 852 1440 1059 1491; x_wconf 80' lang='lat' dir='ltr'>lacertos</span> <span class='ocrx_word' id='word_1_76' title='bbox 1073 1478 1092 1500; x_wconf 88' lang='lat'><em>,</em></span> <span class='ocrx_word' id='word_1_77' title='bbox 1115 1441 1162 1489; x_wconf 74' lang='lat'>6·</span> <span class='ocrx_word' id='word_1_78' title='bbox 1179 1480 1198 1501; x_wconf 87' lang='lat'>,</span> <span class='ocrx_word' id='word_1_79' title='bbox 1219 1443 1530 1511; x_wconf 72' lang='lat' dir='ltr'>prater-spem</span> 
     </span>
     <span class='ocr_line' id='line_1_13' title="bbox 174 1512 1528 1582; baseline 0.001 -17"><span class='ocrx_word' id='word_1_80' title='bbox 174 1519 381 1565; x_wconf 82' lang='lat' dir='ltr'><strong>omnium</strong></span> <span class='ocrx_word' id='word_1_81' title='bbox 401 1551 420 1573; x_wconf 86' lang='lat'>,</span> <span class='ocrx_word' id='word_1_82' title='bbox 451 1513 665 1579; x_wconf 66' lang='lat' dir='ltr'>seneffia-s·</span> <span class='ocrx_word' id='word_1_83' title='bbox 700 1512 891 1580; x_wconf 67' lang='lat' dir='ltr'>Imperii</span> <span class='ocrx_word' id='word_1_84' title='bbox 910 1551 929 1571; x_wconf 89' lang='lat'><em>,</em></span> <span class='ocrx_word' id='word_1_85' title='bbox 966 1518 1105 1580; x_wconf 79' lang='lat' dir='ltr'><em>quasi</em></span> <span class='ocrx_word' id='word_1_86' title='bbox 1138 1519 1322 1567; x_wconf 62' lang='lat' dir='ltr'>redditis·</span> <span class='ocrx_word' id='word_1_87' title='bbox 1346 1518 1528 1582; x_wconf 77' lang='lat' dir='ltr'>juven-</span> 
     </span>
     <span class='ocr_line' id='line_1_14' title="bbox 173 1587 1528 1659; baseline 0.006 -23"><span class='ocrx_word' id='word_1_88' title='bbox 173 1603 273 1638; x_wconf 79' lang='lat' dir='ltr'>tute</span> <span class='ocrx_word' id='word_1_89' title='bbox 293 1625 312 1647; x_wconf 88' lang='lat'>,</span> <span class='ocrx_word' id='word_1_90' title='bbox 347 1587 598 1652; x_wconf 70' lang='lat' dir='ltr'>revirefiit.</span> <span class='ocrx_word' id='word_1_91' title='bbox 633 1587 760 1638; x_wconf 81' lang='lat' dir='ltr'>Viri</span> <span class='ocrx_word' id='word_1_92' title='bbox 802 1587 997 1637; x_wconf 86' lang='lat' dir='ltr'>eruditi</span> <span class='ocrx_word' id='word_1_93' title='bbox 1037 1588 1250 1653; x_wconf 84' lang='lat' dir='ltr'>quidam</span> <span class='ocrx_word' id='word_1_94' title='bbox 1271 1628 1288 1652; x_wconf 92' lang='lat'><strong>,</strong></span> <span class='ocrx_word' id='word_1_95' title='bbox 1326 1591 1528 1659; x_wconf 86' lang='lat' dir='ltr'>eosque</span> 
     </span>
     <span class='ocr_line' id='line_1_15' title="bbox 174 1661 1538 1729; baseline 0.003 -18"><span class='ocrx_word' id='word_1_96' title='bbox 174 1661 314 1713; x_wconf 85' lang='lat' dir='ltr'>inter</span> <span class='ocrx_word' id='word_1_97' title='bbox 352 1662 441 1717; x_wconf 72' lang='lat'>10.</span> <span class='ocrx_word' id='word_1_98' title='bbox 488 1662 703 1711; x_wconf 76' lang='lat' dir='ltr'>Camers</span> <span class='ocrx_word' id='word_1_99' title='bbox 724 1697 740 1723; x_wconf 89' lang='lat'><strong>,</strong></span> <span class='ocrx_word' id='word_1_100' title='bbox 784 1662 987 1710; x_wconf 79' lang='lat' dir='ltr'><strong>malunt</strong></span> <span class='ocrx_word' id='word_1_101' title='bbox 1030 1664 1181 1709; x_wconf 71' lang='lat' dir='ltr'><em>movit</em></span> <span class='ocrx_word' id='word_1_102' title='bbox 1213 1678 1314 1729; x_wconf 81' lang='lat' dir='ltr'>pro</span> <span class='ocrx_word' id='word_1_103' title='bbox 1353 1680 1538 1715; x_wconf 68' lang='lat' dir='ltr'>moret.-</span> 
     </span>
     <span class='ocr_line' id='line_1_16' title="bbox 172 1731 1530 1798; baseline 0.004 -13"><span class='ocrx_word' id='word_1_104' title='bbox 172 1735 287 1785; x_wconf 85' lang='lat' dir='ltr'>Nec</span> <span class='ocrx_word' id='word_1_105' title='bbox 308 1733 537 1785; x_wconf 82' lang='lat' dir='ltr'>diffiteor</span> <span class='ocrx_word' id='word_1_106' title='bbox 566 1732 645 1783; x_wconf 85' lang='lat' dir='ltr'>sic</span> <span class='ocrx_word' id='word_1_107' title='bbox 676 1731 779 1784; x_wconf 81' lang='lat' dir='ltr'>effe</span> <span class='ocrx_word' id='word_1_108' title='bbox 810 1731 867 1781; x_wconf 88' lang='lat' dir='ltr'>in</span> <span class='ocrx_word' id='word_1_109' title='bbox 901 1732 1205 1798; x_wconf 82' lang='lat' dir='ltr'>quibusdam</span> <span class='ocrx_word' id='word_1_110' title='bbox 1233 1736 1387 1787; x_wconf 89' lang='lat' dir='ltr'><strong>MSS.</strong></span> <span class='ocrx_word' id='word_1_111' title='bbox 1421 1738 1530 1791; x_wconf 84' lang='lat' dir='ltr'>Sed.</span> 
     </span>
     <span class='ocr_line' id='line_1_17' title="bbox 172 1804 1530 1877; baseline -0.004 -18"><span class='ocrx_word' id='word_1_112' title='bbox 172 1806 375 1859; x_wconf 73' lang='grc' dir='ltr'><strong>τεᾶιιω</strong></span> <span class='ocrx_word' id='word_1_113' title='bbox 407 1804 509 1858; x_wconf 83' lang='lat' dir='ltr'>effe</span> <span class='ocrx_word' id='word_1_114' title='bbox 540 1820 730 1863; x_wconf 68' lang='lat' dir='ltr'>movet,</span> <span class='ocrx_word' id='word_1_115' title='bbox 761 1804 987 1857; x_wconf 82' lang='lat' dir='ltr'>ostendit</span> <span class='ocrx_word' id='word_1_116' title='bbox 1008 1844 1025 1869; x_wconf 87' lang='lat'>‚</span> <span class='ocrx_word' id='word_1_117' title='bbox 1053 1821 1167 1859; x_wconf 83' lang='lat' dir='ltr'>tum</span> <span class='ocrx_word' id='word_1_118' title='bbox 1195 1810 1342 1877; x_wconf 88' lang='lat' dir='ltr'><strong>quod</strong></span> <span class='ocrx_word' id='word_1_119' title='bbox 1370 1825 1530 1862; x_wconf 74' lang='lat' dir='ltr'>ante-</span> 
     </span>
     <span class='ocr_line' id='line_1_18' title="bbox 172 1878 1526 1951; baseline 0.003 -20"><span class='ocrx_word' id='word_1_120' title='bbox 172 1881 312 1932; x_wconf 86' lang='lat' dir='ltr'>cedit</span> <span class='ocrx_word' id='word_1_121' title='bbox 330 1920 343 1941; x_wconf 82' lang='lat'>,</span> <span class='ocrx_word' id='word_1_122' title='bbox 368 1884 420 1929; x_wconf 79' lang='lat' dir='ltr'>in</span> <span class='ocrx_word' id='word_1_123' title='bbox 429 1879 647 1945; x_wconf 78' lang='lat' dir='ltr'><strong><em>ficulum</em></strong></span> <span class='ocrx_word' id='word_1_124' title='bbox 673 1878 873 1940; x_wconf 81' lang='lat' dir='ltr'>nostrum</span> <span class='ocrx_word' id='word_1_125' title='bbox 890 1898 911 1939; x_wconf 85' lang='lat'>,-</span> <span class='ocrx_word' id='word_1_126' title='bbox 943 1892 1057 1931; x_wconf 85' lang='lat' dir='ltr'>tum</span> <span class='ocrx_word' id='word_1_127' title='bbox 1079 1885 1224 1948; x_wconf 89' lang='lat' dir='ltr'>quod</span> <span class='ocrx_word' id='word_1_128' title='bbox 1247 1882 1490 1951; x_wconf 82' lang='lat' dir='ltr'>sequitur</span> <span class='ocrx_word' id='word_1_129' title='bbox 1505 1922 1526 1949; x_wconf 85' lang='lat'><strong>,</strong></span> 
     </span>
     <span class='ocr_line' id='line_1_19' title="bbox 172 1952 1528 2025; baseline 0.006 -23"><span class='ocrx_word' id='word_1_130' title='bbox 172 1953 421 2019; x_wconf 74' lang='lat' dir='ltr'>revirefiit.</span> <span class='ocrx_word' id='word_1_131' title='bbox 455 1954 557 2005; x_wconf 89' lang='lat' dir='ltr'>Sed</span> <span class='ocrx_word' id='word_1_132' title='bbox 577 1992 591 2015; x_wconf 88' lang='lat'><strong>‚</strong></span> <span class='ocrx_word' id='word_1_133' title='bbox 640 1952 890 2021; x_wconf 79' lang='lat' dir='ltr'><strong>inquiunt</strong></span> <span class='ocrx_word' id='word_1_134' title='bbox 912 1990 928 2015; x_wconf 90' lang='lat'>,</span> <span class='ocrx_word' id='word_1_135' title='bbox 964 1954 1154 2005; x_wconf 82' lang='lat' dir='ltr'><strong>Florus</strong></span> <span class='ocrx_word' id='word_1_136' title='bbox 1191 1956 1255 2006; x_wconf 87' lang='lat' dir='ltr'>ab</span> <span class='ocrx_word' id='word_1_137' title='bbox 1287 1956 1528 2025; x_wconf 82' lang='lat' dir='ltr'>Augusto</span> 
     </span>
     <span class='ocr_line' id='line_1_20' title="bbox 171 2024 1527 2094; baseline 0.005 -15"><span class='ocrx_word' id='word_1_138' title='bbox 171 2027 275 2079; x_wconf 82' lang='lat' dir='ltr'>effe</span> <span class='ocrx_word' id='word_1_139' title='bbox 300 2030 363 2078; x_wconf 89' lang='lat' dir='ltr'>ad</span> <span class='ocrx_word' id='word_1_140' title='bbox 384 2027 474 2077; x_wconf 86' lang='lat' dir='ltr'>sua</span> <span class='ocrx_word' id='word_1_141' title='bbox 500 2042 740 2093; x_wconf 81' lang='lat' dir='ltr'>tempora</span> <span class='ocrx_word' id='word_1_142' title='bbox 760 2024 835 2077; x_wconf 86' lang='lat' dir='ltr'>ait</span> <span class='ocrx_word' id='word_1_143' title='bbox 858 2041 1027 2077; x_wconf 85' lang='lat' dir='ltr'><strong>annos</strong></span> <span class='ocrx_word' id='word_1_144' title='bbox 1048 2025 1219 2094; x_wconf 72' lang='lat' dir='ltr'>prope</span> <span class='ocrx_word' id='word_1_145' title='bbox 1239 2029 1527 2086; x_wconf 80' lang='lat' dir='ltr'><strong>ducentos.</strong></span> 
     </span>
     <span class='ocr_line' id='line_1_21' title="bbox 171 2097 1528 2169; baseline 0.002 -18"><span class='ocrx_word' id='word_1_146' title='bbox 171 2100 255 2151; x_wconf 83' lang='lat' dir='ltr'>Ab</span> <span class='ocrx_word' id='word_1_147' title='bbox 286 2098 501 2167; x_wconf 79' lang='lat' dir='ltr'>Augusti</span> <span class='ocrx_word' id='word_1_148' title='bbox 530 2114 707 2149; x_wconf 85' lang='lat' dir='ltr'>autem</span> <span class='ocrx_word' id='word_1_149' title='bbox 737 2097 1039 2165; x_wconf 84' lang='lat' dir='ltr'><strong>principatu</strong></span> <span class='ocrx_word' id='word_1_150' title='bbox 1056 2136 1072 2161; x_wconf 90' lang='lat'>,</span> <span class='ocrx_word' id='word_1_151' title='bbox 1102 2100 1268 2169; x_wconf 86' lang='lat' dir='ltr'>usque</span> <span class='ocrx_word' id='word_1_152' title='bbox 1298 2102 1364 2153; x_wconf 84' lang='lat' dir='ltr'>ad</span> <span class='ocrx_word' id='word_1_153' title='bbox 1390 2102 1528 2154; x_wconf 79' lang='lat' dir='ltr'>Tra-</span> 
     </span>
     <span class='ocr_line' id='line_1_22' title="bbox 172 2170 1590 2241; baseline -0.002 -17"><span class='ocrx_word' id='word_1_154' title='bbox 172 2172 285 2240; x_wconf 79' lang='lat' dir='ltr'><strong>jani</strong></span> <span class='ocrx_word' id='word_1_155' title='bbox 322 2170 611 2239; x_wconf 84' lang='lat' dir='ltr'>imperium</span> <span class='ocrx_word' id='word_1_156' title='bbox 642 2208 657 2233; x_wconf 82' lang='lat'><strong>‚</strong></span> <span class='ocrx_word' id='word_1_157' title='bbox 714 2171 842 2241; x_wconf 66' lang='lat' dir='ltr'>suntn</span> <span class='ocrx_word' id='word_1_158' title='bbox 878 2171 1003 2223; x_wconf 81' lang='lat' dir='ltr'><strong>anni</strong></span> <span class='ocrx_word' id='word_1_159' title='bbox 1053 2174 1258 2223; x_wconf 66' lang='lat' dir='ltr'><strong>tantm-n</strong></span> <span class='ocrx_word' id='word_1_160' title='bbox 1307 2189 1526 2227; x_wconf 83' lang='lat' dir='ltr'><strong>centum</strong></span> <span class='ocrx_word' id='word_1_161' title='bbox 1583 2208 1590 2221; x_wconf 75' lang='grc'><em>.</em></span> 
     </span>
     <span class='ocr_line' id='line_1_23' title="bbox 171 2242 1527 2315; baseline 0 -17"><span class='ocrx_word' id='word_1_162' title='bbox 171 2245 373 2315; x_wconf 83' lang='lat' dir='ltr'><strong>viginti</strong></span> <span class='ocrx_word' id='word_1_163' title='bbox 404 2260 632 2311; x_wconf 84' lang='lat' dir='ltr'>quatuor</span> <span class='ocrx_word' id='word_1_164' title='bbox 650 2282 667 2306; x_wconf 90' lang='lat'>‚</span> <span class='ocrx_word' id='word_1_165' title='bbox 694 2242 812 2295; x_wconf 87' lang='lat' dir='ltr'>sive</span> <span class='ocrx_word' id='word_1_166' title='bbox 832 2280 849 2305; x_wconf 90' lang='lat'><strong>,</strong></span> <span class='ocrx_word' id='word_1_167' title='bbox 878 2243 926 2295; x_wconf 84' lang='lat' dir='ltr'>si</span> <span class='ocrx_word' id='word_1_168' title='bbox 956 2258 1112 2310; x_wconf 82' lang='lat' dir='ltr'>putes</span> <span class='ocrx_word' id='word_1_169' title='bbox 1135 2245 1300 2312; x_wconf 83' lang='lat' dir='ltr'>nsque</span> <span class='ocrx_word' id='word_1_170' title='bbox 1331 2247 1398 2298; x_wconf 77' lang='lat' dir='ltr'>ad</span> <span class='ocrx_word' id='word_1_171' title='bbox 1423 2262 1527 2298; x_wconf 85' lang='lat' dir='ltr'>ex-</span> 
     </span>
     <span class='ocr_line' id='line_1_24' title="bbox 171 2315 1528 2386; baseline 0.001 -15"><span class='ocrx_word' id='word_1_172' title='bbox 171 2317 365 2371; x_wconf 81' lang='lat' dir='ltr'>ceffum</span> <span class='ocrx_word' id='word_1_173' title='bbox 400 2315 613 2381; x_wconf 73' lang='lat' dir='ltr'><strong>Traiani</strong></span> <span class='ocrx_word' id='word_1_174' title='bbox 642 2356 659 2379; x_wconf 87' lang='lat'><strong>‚</strong></span> <span class='ocrx_word' id='word_1_175' title='bbox 698 2315 824 2368; x_wconf 87' lang='lat' dir='ltr'><strong>anni</strong></span> <span class='ocrx_word' id='word_1_176' title='bbox 861 2332 1017 2369; x_wconf 82' lang='lat' dir='ltr'><strong>erunt</strong></span> <span class='ocrx_word' id='word_1_177' title='bbox 1051 2333 1265 2370; x_wconf 86' lang='lat' dir='ltr'>centum</span> <span class='ocrx_word' id='word_1_178' title='bbox 1297 2320 1528 2386; x_wconf 80' lang='lat' dir='ltr'>quadra-</span> 
     </span>
     <span class='ocr_line' id='line_1_25' title="bbox 171 2390 1528 2463; baseline 0.004 -20"><span class='ocrx_word' id='word_1_179' title='bbox 171 2391 323 2463; x_wconf 80' lang='lat' dir='ltr'><strong>ginta</strong></span> <span class='ocrx_word' id='word_1_180' title='bbox 351 2405 476 2443; x_wconf 84' lang='lat' dir='ltr'>ttes.</span> <span class='ocrx_word' id='word_1_181' title='bbox 505 2392 609 2443; x_wconf 86' lang='lat' dir='ltr'>Sed</span> <span class='ocrx_word' id='word_1_182' title='bbox 628 2390 933 2456; x_wconf 82' lang='lat' dir='ltr'><strong>iamdudum</strong></span> <span class='ocrx_word' id='word_1_183' title='bbox 958 2391 1074 2443; x_wconf 79' lang='lat' dir='ltr'>haec</span> <span class='ocrx_word' id='word_1_184' title='bbox 1093 2390 1232 2443; x_wconf 81' lang='lat' dir='ltr'>mihi</span> <span class='ocrx_word' id='word_1_185' title='bbox 1251 2392 1528 2449; x_wconf 76' lang='lat' dir='ltr'>meditata.</span> 
     </span>
     <span class='ocr_line' id='line_1_26' title="bbox 171 2464 1526 2533; baseline 0.002 -18"><span class='ocrx_word' id='word_1_186' title='bbox 171 2464 379 2517; x_wconf 64' lang='lat' dir='ltr'>Veriun</span> <span class='ocrx_word' id='word_1_187' title='bbox 394 2466 671 2533; x_wconf 82' lang='lat' dir='ltr'>legendum</span> <span class='ocrx_word' id='word_1_188' title='bbox 688 2478 823 2532; x_wconf 84' lang='lat' dir='ltr'>puto</span> <span class='ocrx_word' id='word_1_189' title='bbox 839 2466 979 2531; x_wconf 79' lang='lat' dir='ltr'>apud</span> <span class='ocrx_word' id='word_1_190' title='bbox 987 2466 1233 2528; x_wconf 72' lang='lat' dir='ltr'><strong>Horum,</strong></span> <span class='ocrx_word' id='word_1_191' title='bbox 1251 2466 1378 2517; x_wconf 84' lang='lat' dir='ltr'><strong>anni</strong></span> <span class='ocrx_word' id='word_1_192' title='bbox 1397 2482 1526 2518; x_wconf 88' lang='lat' dir='ltr'><strong>cen·-</strong></span> 
     </span>
     <span class='ocr_line' id='line_1_27' title="bbox 172 2535 1526 2606; baseline 0.003 -17"><span class='ocrx_word' id='word_1_193' title='bbox 172 2552 289 2589; x_wconf 84' lang='lat' dir='ltr'>tum</span> <span class='ocrx_word' id='word_1_194' title='bbox 318 2535 719 2606; x_wconf 80' lang='lat' dir='ltr'><strong>quinquaginta.</strong></span> <span class='ocrx_word' id='word_1_195' title='bbox 752 2540 885 2589; x_wconf 83' lang='lat' dir='ltr'>Nam</span> <span class='ocrx_word' id='word_1_196' title='bbox 917 2536 1156 2605; x_wconf 77' lang='lat' dir='ltr'>quisquis</span> <span class='ocrx_word' id='word_1_197' title='bbox 1187 2538 1342 2591; x_wconf 86' lang='lat' dir='ltr'><strong>MSS.</strong></span> <span class='ocrx_word' id='word_1_198' title='bbox 1376 2539 1526 2593; x_wconf 69' lang='lat' dir='ltr'>flori</span> 
     </span>
     <span class='ocr_line' id='line_1_28' title="bbox 172 2610 1524 2679; baseline 0.002 -18"><span class='ocrx_word' id='word_1_199' title='bbox 172 2611 346 2663; x_wconf 83' lang='lat' dir='ltr'><strong>codd..</strong></span> <span class='ocrx_word' id='word_1_200' title='bbox 374 2610 607 2662; x_wconf 79' lang='lat' dir='ltr'>versavit</span> <span class='ocrx_word' id='word_1_201' title='bbox 626 2646 643 2671; x_wconf 89' lang='lat'><strong>,</strong></span> <span class='ocrx_word' id='word_1_202' title='bbox 670 2610 767 2663; x_wconf 83' lang='lat' dir='ltr'>scit</span> <span class='ocrx_word' id='word_1_203' title='bbox 794 2626 1124 2679; x_wconf 81' lang='lat' dir='ltr'>quantopere</span> <span class='ocrx_word' id='word_1_204' title='bbox 1152 2610 1210 2663; x_wconf 87' lang='lat' dir='ltr'>in</span> <span class='ocrx_word' id='word_1_205' title='bbox 1237 2611 1390 2663; x_wconf 82' lang='lat' dir='ltr'><strong>annis</strong></span> <span class='ocrx_word' id='word_1_206' title='bbox 1421 2629 1524 2665; x_wconf 84' lang='lat' dir='ltr'>va-</span> 
     </span>
     <span class='ocr_line' id='line_1_29' title="bbox 170 2682 1522 2753; baseline 0.001 -16"><span class='ocrx_word' id='word_1_207' title='bbox 170 2684 275 2737; x_wconf 81' lang='lat' dir='ltr'>riet</span> <span class='ocrx_word' id='word_1_208' title='bbox 305 2685 563 2753; x_wconf 81' lang='lat' dir='ltr'>prologus</span> <span class='ocrx_word' id='word_1_209' title='bbox 597 2682 708 2737; x_wconf 82' lang='lat' dir='ltr'>iste.</span> <span class='ocrx_word' id='word_1_210' title='bbox 752 2684 865 2735; x_wconf 80' lang='lat' dir='ltr'>Nec</span> <span class='ocrx_word' id='word_1_211' title='bbox 894 2698 1074 2735; x_wconf 79' lang='lat' dir='ltr'><strong>tamen</strong></span> <span class='ocrx_word' id='word_1_212' title='bbox 1103 2684 1270 2736; x_wconf 85' lang='lat' dir='ltr'>solius</span> <span class='ocrx_word' id='word_1_213' title='bbox 1301 2684 1522 2751; x_wconf 77' lang='lat' dir='ltr'><strong>Traiani</strong></span> 
     </span>
     <span class='ocr_line' id='line_1_30' title="bbox 170 2754 1522 2811; baseline 0 -1"><span class='ocrx_word' id='word_1_214' title='bbox 170 2772 295 2811; x_wconf 78' lang='lat' dir='ltr'>aevo</span> <span class='ocrx_word' id='word_1_215' title='bbox 326 2754 521 2809; x_wconf 80' lang='lat' dir='ltr'>vixifl&#39;e</span> <span class='ocrx_word' id='word_1_216' title='bbox 552 2774 567 2809; x_wconf 72' lang='lat' dir='ltr'>t</span> <span class='ocrx_word' id='word_1_217' title='bbox 596 2755 687 2809; x_wconf 83' lang='lat' dir='ltr'>sed</span> <span class='ocrx_word' id='word_1_218' title='bbox 716 2754 879 2807; x_wconf 80' lang='lat' dir='ltr'>etiam</span> <span class='ocrx_word' id='word_1_219' title='bbox 914 2756 1150 2810; x_wconf 79' lang='lat' dir='ltr'><strong>Adriani.</strong></span> <span class='ocrx_word' id='word_1_220' title='bbox 1179 2755 1338 2810; x_wconf 67' lang='lat' dir='ltr'><strong>Plane</strong></span> <span class='ocrx_word' id='word_1_221' title='bbox 1371 2757 1522 2811; x_wconf 78' lang='lat' dir='ltr'>enim</span> 
     </span>
     <span class='ocr_line' id='line_1_31' title="bbox 170 2827 1524 2897; baseline -0.004 -8"><span class='ocrx_word' id='word_1_222' title='bbox 170 2830 315 2889; x_wconf 73' lang='lat' dir='ltr'>idem</span> <span class='ocrx_word' id='word_1_223' title='bbox 344 2828 591 2896; x_wconf 78' lang='lat' dir='ltr'>videtur,</span> <span class='ocrx_word' id='word_1_224' title='bbox 616 2827 767 2897; x_wconf 79' lang='lat' dir='ltr'><strong>cuius</strong></span> <span class='ocrx_word' id='word_1_225' title='bbox 794 2828 955 2885; x_wconf 77' lang='lat' dir='ltr'>hosce</span> <span class='ocrx_word' id='word_1_226' title='bbox 984 2828 1046 2885; x_wconf 82' lang='lat' dir='ltr'>in</span> <span class='ocrx_word' id='word_1_227' title='bbox 1077 2829 1362 2883; x_wconf 75' lang='lat' dir='ltr'><strong>Adrianum</strong></span> <span class='ocrx_word' id='word_1_228' title='bbox 1391 2848 1524 2885; x_wconf 75' lang='lat' dir='ltr'>ver·</span> 
     </span>
    </p>
   </div>
   <div class='ocr_carea' id='block_1_5' title="bbox 1173 2898 1311 2962">
    <p class='ocr_par' dir='ltr' id='par_1_5' title="bbox 1173 2898 1311 2962">
     <span class='ocr_line' id='line_1_32' title="bbox 1173 2898 1311 2962; baseline 0 0"><span class='ocrx_word' id='word_1_229' title='bbox 1173 2898 1311 2962; x_wconf 76' lang='lat' dir='ltr'>Aa.</span> 
     </span>
    </p>
   </div>
  </div>
 </body>
</html>
