2067 3667
606 303 1216 374 LIBERI.
1490 315 1584 376 21'

228 418 400 504 (uuae
434 417 730 501 superbia!
755 421 782 504 )
810 425 889 481 sic
914 420 1227 503 respondit.
1255 419 1484 482 Tamen
1509 422 1586 482 de

226 502 509 562 manubiis
544 521 838 584 captarum
874 504 1103 562 urbium
1139 502 1418 584 templum
1454 523 1586 562 ere·

226 585 347 642 xit:
392 583 551 663 quod
592 605 770 665 quum
814 585 1234 665 inauguraretur
1259 629 1276 653 ,
1320 583 1584 643 cedenti-

194 664 333 722 *bus
369 666 577 723 ceteris
614 665 741 723 deis
772 662 956 745 (mira
987 685 1078 724 res
1109 663 1302 745 diclu)
1327 662 1583 724 restitere

228 742 507 804 Juventas
536 787 555 816 ‚
600 746 665 806 &
712 743 1041 806 Terminus.
1093 744 1307 805 Placuit
1356 743 1584 804 vatibus

227 827 591 884 contumacia
634 827 945 885 numinum
986 869 1006 898 ‚
1072 826 1357 907 siquidem
1418 823 1586 884 firma
1646 821 1652 825 ”

230 907 426 963 omnia
460 907 525 964 &
564 923 776 966 aeterna
819 905 1254 985 pollicebantur.
1292 903 1407 963 Sed
1446 904 1589 963 illud

229 985 587 1044 horrendum
620 1029 638 1057 ,
691 987 853 1066 quod
890 985 1260 1045 molientibus
1305 984 1488 1043 aedem
1528 986 1590 1044 in

231 1064 619 1124 fundamentis
641 1063 951 1124 humanum
973 1084 1269 1146 repertum
1287 1062 1368 1122 est
1389 1080 1590 1144 caput:

232 1165 345 1204 nec
394 1143 728 1204 dubitavere
786 1143 966 1203 cunffl
1003 1189 1039 1218 ,Α
1090 1143 1409 1204 monstrum
1461 1144 1596 1226 pul-

238 1223 587 1284 cherrimum
623 1226 851 1304 imperii
882 1224 1078 1286 sedem
1099 1269 1122 1296 ,
1159 1241 1441 1306 caputque
1473 1241 1596 1284 ter-

237 1325 431 1364 rarum
464 1308 825 1384 promittere.
856 1303 1109 1366 Tamdiu
1143 1304 1202 1366 su
1247 1305 1466 1366 erbiam
1499 1325 1593 1365 re-

238 1387 325 1467 gis
366 1384 615 1466 populus
659 1383 955 1448 Romanus
993 1407 1172 1468 perpe
1219 1408 1284 1446 us
1320 1384 1437 1458 est,
1478 1386 1606 1446 do-.

236 1487 344 1525 nec
391 1465 585 1526 aberat
630 1466 832 1529 libido.
881 1467 1047 1528 Hanc
1095 1488 1169 1528 ex
1219 1468 1414 1528 liberis
1463 1463 1590 1545 ejus

235 1548 733 1626 importunitatem
762 1547 1009 1608 tolerare
1037 1569 1156 1606 non
1185 1549 1390 1627 potuit.
1414 1544 1592 1624 Quo-

238 1645 369 1686 rum
408 1646 589 1707 quum
624 1627 763 1686 alter
800 1629 1175 1686 ornatissimae
1211 1625 1438 1685 feminae
1473 1625 1594 1684 Lu-

238 1705 435 1766 cretiae
476 1704 735 1786 stuprum
768 1705 1074 1772 intuliffet,
1121 1724 1381 1766 matrona
1414 1705 1594 1764 dede-

240 1807 343 1846 cus
377 1784 533 1846 ferro
568 1789 837 1868 expiavit.
867 1786 1182 1869 Imperium
1213 1803 1335 1847 tum
1366 1785 1595 1868 regibus

238 1866 597 1948 abrogatum.

865 1991 963 2055 ,ἡ
1570 2005 1573 2008 .

518 2069 954 2190 CAPUT
1052 2121 1309 2190 an

244 2259 423 2316 ANA
441 2260 1038 2316 CEPHALAEOSIS
1085 2262 1200 2312 DE
1247 2262 1585 2316 SEPTEM

715 2355 1114 2413 REGIBUS.

251 2455 487 2566 Hanc
531 2497 611 2560 est
649 2502 833 2580 prima
875 2517 1013 2561 aetas
1053 2523 1134 2583 po
1178 2502 1259 2562 uli
1296 2503 1594 2576 Romani,

254 2581 320 2640 δι.
354 2581 515 2662 quasi
555 2577 829 2653 infantia,
865 2603 1037 2662 quam
1071 2523 1269 2643 helmst
1305 2584 1403 2646 sub
1446 2607 1505 2645 re
1549 2589 1610 2646 i-²

250 2662 362 2722 bus
403 2658 621 2740 septem
650 2705 673 2731 ,
710 2661 957 2742 quadam
997 2661 1248 2724 fatorum
1284 2607 1550 2727 industri}
1574 2713 1597 2740 ,

253 2758 370 2802 tam
414 2741 591 2804 variis
634 2742 866 2823 ingenio
902 2783 924 2816 ,
977 2759 1042 2804 ut
1081 2743 1408 2826 reipublicae
1451 2748 1600 2820 ratio
