2067 3667
524 279 970 358 ιιβεκ
1071 281 1254 353 ΙΙΙ.
1449 301 1588 377 13¹

526 567 590 640 C
616 569 681 643 A
710 567 763 639 P
791 569 863 641 U
888 569 955 641 T
1049 567 1128 640 X
1151 571 1220 641 V
1243 571 1296 644 1.

423 709 789 769 nomo
836 711 1374 770 APULBJANA.

229 835 343 949 N
348 895 838 960 minumum
901 877 1190 962 Apuleius
1251 878 1590 946 Saturninus·

230 961 593 1026 Gracchanas
639 960 878 1022 afferere
935 961 1095 1044 leges
1147 981 1269 1022 non
1315 961 1527 1024 destitit
1558 985 1582 1038 3

230 1045 327 1128 qui
361 1044 634 1128 (tantum
674 1044 999 1102 animorum
1037 1043 1170 1102 viro
1213 1040 1435 1124 Marius
1477 1045 1590 1105 da-

229 1123 327 1186 bat
344 1169 364 1198 ,
398 1127 499 1210 qui
528 1123 817 1185 nobilitati
849 1119 1078 1205 semper
1106 1123 1371 1185 inimicus
1389 1168 1410 1196 ‚
1445 1145 1586 1187 con-

226 1203 412 1267 sulam
446 1205 547 1266 suo
584 1219 869 1286 ‘praeterea
911 1201 1158 1264 confisus
1184 1201 1224 1286 )-·
1249 1203 1439 1267 Occiso
1519 1227 1586 1266 a·

230 1286 346 1346 lam
403 1287 650 1347 comitiis
676 1284 903 1346 ⁴Annio
956 1287 1341 1367 competitore
1459 1290 1470 1302 ‘
1517 1307 1592 1348 u·

230 1365 397 1428 natfis
418 1411 440 1442 ,
477 1364 788 1448 subrogare
828 1381 1066 1426 conatus
1107 1363 1190 1426 est
1226 1367 1286 1425 in
1325 1363 1446 1446 ejus
1482 1368 1586 1429 lo-

229 1468 365 1510 cum
403 1445 613 1508 Caium
666 1444 998 1509 Gracchum
1036 1490 1058 1521 ,
1115 1446 1413 1508 hominem
1459 1451 1585 1512 sine

229 1528 416 1599 tribu,
468 1530 591 1590 sine
629 1530 866 1588 nomine
909 1548 924 1587 :
967 1525 1070 1586 sed
1105 1525 1328 1590 subdito
1360 1530 1530 1591 titulo
1557 1575 1580 1602 ‚

228 1612 284 1670 in
324 1608 599 1670 familiam
635 1609 657 1666 i
700 1605 757 1666 se
790 1606 846 1667 se
881 1603 1212 1688 adoptabat.
1258 1604 1467 1686 Quum
1495 1626 1588 1671 tot

227 1688 507 1772 tantisque
540 1629 797 1748 ludibriis
838 1683 1138 1747 exsultaret
1177 1689 1411 1769 impune
1433 1734 1452 1762 ‚
1488 1710 1585 1752 ro-

228 1771 427 1854 gandis
468 1767 871 1831 Gracchorum·
906 1767 1129 1851 legibus
1160 1769 1240 1830 ita
1268 1767 1585 1832 vehemen-

228 1871 317 1912 ter
354 1851 615 1911 incubuit
635 1895 665 1922 ,.
692 1865 757 1909 ut
787 1848 1308 1934 senatum-quoque
1347 1867 1582 1936 cogeret

229 1935 285 1992 in
318 1933 501 1992 verba
533 1929 719 2011 jurare
747 1952 769 2006 ;
806 1951 991 2012 quum·
1018 1930 1400 1992 abnuentibus
1435 1933 1582 2014 aqua

231 2015 295 2076 &
326 2015 455 2096 igni
485 2010 916 2073 interdiciurum
951 2009 1009 2072 se
1045 2014 1374 2073 minaretur.
1415 2013 1584 2074 Unus

230 2112 421 2154 nmen
450 2090 697 2165 exstitit,
730 2095 829 2174 qui
858 2092 1058 2152 mallet
1093 2093 1373 2154 exsilium.
1407 2091 1585 2176 Igitur

230 2173 361 2256 post
408 2173 642 2234 Metelli.
674 2172 867 2254 fugam
911 2173 1073 2232 omni
1107 2173 1410 2234 nobilitate
1448 2192 1590 2256 pet-

231 2253 385 2317 culsa
414 2299 435 2330 ,
478 2261 657 2335 quum
706 2250 825 2331 jam
865 2255 1100 2332 tertium
1139 2274 1351 2314 annum
1394 2254 1592 2316 domi·

230 2351 462 2397 nai-etur
489 2379 517 2410 ,.
556 2333 631 2394 eb
688 2330 932 2394 vesaniae
980 2332 1300 2416 progresshs
1342 2333 1423 2396 est
1461 2381 1482 2412 ,
1519 2349 1600 2397 ut*

233 2413 544 2478 consularia
572 2434 816 2497 quoque
836 2417 1070 2476 comitia
1098 2416 1262 2477 nov&
1286 2415 1442 2477 caede
1471 2433 1597 2479 tur-

232 2496 414 2558 haret.
468 2495 713 2578 Quippe
766 2512 831 2556 ut
888 2494 1187 2559 satellitem
1246 2495 1454 2559 furoris
1505 2497 1594 2576 sui·

233 2576 539 2641 Glauciam
582 2619 606 2650 ‚
666 2575 959 2638 consulem
1021 2576 1235 2640 faceret
1277 2624 1306 2654 ,.
1373 2575 1596 2639 Caium

233 2658 589 2720 Memmium
614 2661 1075 2739 competitorem
1113 2659 1358 2719 interfici
1390 2657 1594 2737 jussit,

234 2739 307 2806 δι
342 2743 412 2802 in
456 2759 536 2803 eo
580 2741 839 2802 tumultu
880 2757 1084 2821 regem
1129 2760 1206 2802 ex
1257 2739 1604 2803 satellitibus·

1252 2819 1389 2883 Fa
