2067 3667
449 304 733 377 HIST.
784 306 1100 377 Llnen
1149 307 1267 379 II.
1443 328 1532 404 31

173 421 393 485 virtute
420 444 486 484 ac
508 421 813 486 severitate
838 423 967 485 faffi
991 448 1011 500 ;
1039 440 1096 485 at
1121 424 1330 486 Fabius
1351 426 1542 487 AEmi·

173 504 357 565 lianus
375 547 400 576 ,
429 502 608 565 Paulli
642 505 915 585 exemplo
932 552 957 579 ,
987 505 1297 589 disciplinae
1319 509 1376 568 in
1401 507 1540 580 His,

170 586 347 668 pania
385 583 495 646 fuit
534 585 899 647 clarissimus.

252 662 371 726 vl.
412 662 646 727 De'cem
683 666 893 727 deinde
930 669 1082 727 inter
1123 669 1286 728 osiris
1325 671 1537 744 annis,·

168 747 271 826 qui
297 744 436 807 Tib.
464 743 835 819 Gracchum,
865 748 1025 808 idem
1117 751 1270 809 aium
1291 748 1532 812 fratrem

170 823 296 905 ejus
334 829 644 909 occupavit
675 825 877 902 furor,
909 844 1029 904 tam
1065 831 1371 890 virtutibus
1405 828 1530 909 ejus

168 906 437 968 omnibus
464 953 482 983 ,
517 907 689 990 quam
726 908 858 969 huic
895 910 1076 969 errori
1117 911 1362 971 similem
1384 954 1404 983 ,
1437 914 1530 970 in-

167 988 343 1067 genio
370 990 543 1047 etiam
567 988 1012 1070 eloquentiaque
1048 988 1222 1071 longe
1256 988 1528 1071 praestan-

166 1069 400 1127 tiorem.
435 1066 599 1148 Qui,
642 1090 820 1150 quum
855 1066 1075 1129 summa
1116 1072 1311 1151 quiete
1351 1073 1530 1131 animi

166 1149 417 1209 civitatis
459 1150 729 1230 princeps
769 1146 881 1207 effe
921 1147 1106 1229 posset
1129 1194 1150 1224 ‚
1187 1149 1289 1210 vel
1331 1152 1531 1210 vindi-

166 1226 654 1311 candaefraternae
676 1230 882 1288 mortis
905 1229 1082 1311 gratia
1097 1272 1117 1303 ,
1140 1229 1248 1290 vel
1271 1251 1528 1312 praemu-

163 1308 393 1369 niendae
432 1308 636 1391 regalis
676 1312 947 1390 potentiae
975 1355 996 1384 ‚
1024 1307 1281 1389 ejusdem
1318 1332 1526 1371 exem·-

161 1390 245 1472 pli
276 1389 625 1450 tribunatum
659 1388 930 1472 ingressus
951 1436 972 1464 ,
1005 1390 1180 1473 longe
1211 1390 1430 1472 majora
1456 1394 1524 1455 δε

158 1471 385 1531 acriora
428 1486 693 1550 repetens
720 1514 741 1543 ‚
776 1470 947 1530 dabat
985 1474 1284 1532 civitatem
1329 1476 1522 1533 omni·-

156 1550 272 1611 bus
325 1549 531 1610 Italicis
574 1572 591 1611 ε
637 1552 985 1611 extendebat
1038 1572 1168 1611 eam
1219 1573 1370 1635 pene
1423 1551 1525 1612 us·-

156 1650 281 1715 que
338 1629 524 1712 Alpes
573 1653 594 1706 3
643 1630 965 1692 dividebat·
996 1651 1164 1713 agros
1209 1653 1228 1705 ;
1285 1633 1524 1693 vetabat

154 1716 519 1793 quemquam
558 1714 751 1773 civem
787 1712 917 1793 plus
950 1714 1272 1793 quingentis
1309 1710 1529 1794 jugeri-

152 1793 272 1853 bus
311 1790 523 1853 habere
541 1836 561 1865 ,
596 1792 759 1875 quod
795 1792 1101 1875 aliquando
1139 1792 1268 1876 lege
1305 1793 1526 1855 Licinia

154 1888 394 1933 cautum
422 1889 544 1933 erat
572 1892 593 1946 ;
626 1894 785 1933 nova
815 1872 1196 1933 constituebat
1223 1876 1522 1956 portoria3

152 1954 335 2014 novis
362 1954 605 2014 coloniis
628 1952 889 2036 replebat
955 1956 1240 2015 rovincias
1267 1975 1285 2027 3
1313 1952 1522 2033 judicia

148 2056 189 2094 a
226 2031 429 2094 senatu
459 2032 830 2094 transferebat
862 1976 950 2093 arf
964 2037 1183 2116 equites
1213 2056 1232 2107 ;
1262 2033 1518 2095 frumen-

148 2131 285 2174 tum
327 2113 485 2197 plebi
528 2112 664 2174 dare
712 2113 1023 2174 instituerat
1059 2136 1079 2189 3
1119 2113 1258 2173 nihil
1305 2116 1523 2174 immo-

146 2212 284 2255 tum
304 2237 325 2267 ,
356 2194 501 2253 nihil
526 2194 890 2277 tranquillum
910 2238 930 2267 ,
956 2194 1100 2253 nihil
1131 2196 1392 2276 quietum
1418 2195 1522 2254 de·-

144 2279 337 2357 nique
385 2277 445 2334 in
482 2274 697 2335 eodem
743 2272 885 2334 statu
929 2274 1286 2356 relinquebat
1317 2295 1336 2347 ;
1383 2278 1526 2355 quin

143 2350 425 2415 alterum'
482 2356 657 2415 etiam
724 2357 1083 2415 continuavit
1147 2354 1518 2417 tribunatum.

141 2436 334 2498 Hunc
352 2433 421 2496 L.
444 2433 719 2515 Opimius
748 2434 983 2509 consul,
1012 2436 1114 2519 qui
1143 2438 1358 2517 praetor
1376 2434 1520 2497 Fre·-

142 2518 341 2601 gellas
384 2515 679 2577 exciderat
698 2560 717 2589 ‚
749 2515 1080 2598 persecutus
1123 2519 1294 2577 armis
1313 2560 1334 2591 ‚
1375 2520 1518 2579 una-

142 2618 267 2681 que
282 2596 553 2658 Fulviutn
572 2596 843 2658 Flaccum
860 2596 1216 2658 consularem
1233 2618 1296 2657 ac
1317 2599 1516 2657 trium-

138 2678 390 2761 phalem
434 2679 627 2738 virum
656 2723 675 2752 ,
719 2678 883 2759 aeque
926 2698 1104 2759 prava
1145 2681 1466 2758 cupientem
1489 2721 1514 2750 ,

140 2778 337 2841 quem
356 2756 431 2821 C.
456 2756 753 2821 Gracchus
778 2762 840 2820 in
869 2758 1066 2819 locum
1085 2756 1520 2899 Tgberii'fiatris

1203 2860 1268 2899 xv
