2067 3667
512 308 606 360 10
750 288 827 358 L.
878 290 1245 360 ANNAEr
1297 293 1608 359 Fron!

504 407 945 469 annisconferat
962 455 981 484 ,
1008 400 1236 470 aetat³em
1267 409 1417 470 ultra
1438 423 1620 490 putet.
1643 405 1731 470 Ita
1753 405 1870 470 late

504 507 615 570 per
648 489 854 550 orbem
884 508 1162 551 terrarum
1199 511 1355 550 arma
1389 491 1777 562 circumtulit,
1804 503 1871 550 ut

553 572 609 628 ui
645 591 735 629 res
782 569 903 650 ejus
944 573 1145 654 legunt
1179 617 1198 647 ‚
1235 593 1356 631 non
1403 573 1570 631 unius
1617 565 1866 652 populi,

502 590 607 710 aad
641 654 869 732 generis
902 653 1136 712 humani
1170 652 1283 712 fata
1325 649 1560 714 discant.
1596 651 1750 714 Nam
1774 663 1868 711 tot
1949 702 1955 707 .

498 728 807 792 laboribus
837 733 1216 816 periculisque
1259 731 1491 814 jadiatus
1531 731 1650 804 est,
1694 749 1757 792 ut
1791 731 1900 812 ad·

504 809 973 880 constituendum
1008 813 1130 894 ejus
1166 817 1480 896 imperium·
1516 810 1868 876 contendisse

504 887 705 953 'Virtus
736 893 799 955 δι
830 893 1427 959 Fortunavideantur.
1454 893 1658 975 Quare
1685 914 1866 978 quum

503 977 797 1057 praecipua
832 977 1078 1058 quaeque
1118 997 1315 1058 operae
1355 980 1603 1057 pretium
1640 978 1711 1036 sit
1760 998 1868 1036 co-

503 1054 783 1135 gnoscere
820 1057 1108 1138 sigillatim
1141 1078 1158 1118 :
1194 1075 1390 1118 tamen
1428 1061 1561 1140 quia
1597 1054 1714 1136 ipsa
1755 1056 1865 1117 sibi

504 1134 696 1196 obstat
746 1138 1085 1220 magnitudo
1130 1149 1170 1211 ξ·
1203 1158 1508 1222 rerumque
1562 1138 1865 1198 diversitas

500 1219 688 1277 aciem
727 1218 1056 1279 intentionis
1094 1219 1379 1301 abrumpit
1402 1266 1422 1292 ,
1460 1219 1662 1279 faciam
1704 1220 1865 1300 quod

498 1295 692 1358 solent
714 1302 811 1379 qui
834 1315 1112 1360 terrarum
1137 1303 1274 1359 situs
1303 1301 1542 1382 pingunt
1573 1297 1672 1362 t'in
1698 1301 1866 1362 brevi

506 1380 670 1458 quasi
692 1379 899 1439 tabella
926 1398 1110 1440 totam
1137 1379 1258 1461 ejus
1285 1383 1590 1464 imaginem
1612 1381 1865 1462 amplec-

499 1473 619 1532 tar,
650 1461 947 1532 nonnihil,
978 1479 1041 1521 ut
1075 1461 1242 1542 spero
1266 1506 1283 1532 ,
1317 1462 1393 1522 ad
1425 1462 1864 1524 admirationem

498 1540 774 1622 principis
816 1543 1019 1624 populi
1063 1543 1368 1603 collaturus
1396 1589 1415 1618 ,
1451 1546 1498 1603 si
1575 1545 1741 1604 ariter
1777 1561 1863 1603 at·

500 1623 699 1702 quein
725 1623 895 1682 simul
916 1623 1238 1686 universam
1262 1564 1717 1706 magnitudinem
1739 1623 1860 1704 ejus

499 1701 833 1764 ostendero.
870 1702 928 1764 Si
971 1708 1100 1788 quis
1141 1726 1281 1788 ergo
1327 1705 1608 1788 populum
1643 1705 1862 1766 Roma-

498 1802 638 1842 num
660 1785 818 1864 quasi
850 1785 1150 1860 hominem
1174 1787 1502 1846 consideret
1520 1830 1537 1859 ‚
1563 1802 1856 1867 totamque

500 1860 628 1942 ejus
662 1880 888 1924 aetatem
921 1866 1260 1946 percenseat
1289 1913 1306 1937 ,
1345 1885 1408 1926 ut
1441 1869 1682 1947 coeperit
1703 1911 1724 1937 ,
1762 1885 1858 1928 ut-

498 1963 615 2024 que
646 1945 1010 2018 adoleverit,
1044 1965 1108 2008 ut
1141 1949 1298 2028 quasi
1327 1949 1398 2007 ad
1432 1949 1742 2029 quemdam
1771 1945 1858 2026 ju-

497 2041 690 2086 ventae
722 2025 929 2088 florem
962 2030 1331 2109 pervenerit,
1366 2043 1428 2088 ut
1459 2027 1660 2110 postea
1692 2028 1857 2092 velut
1917 2063 1921 2065 ·

491 2104 858 2166 consenuerit
887 2129 907 2181 3
982 2126 1189 2172 uatuor
1219 2108 1422 2190 gradus
1453 2108 1749 2190 processus
1781 2131 1855 2172 ue

494 2183 621 2266 ejus
656 2187 930 2249 inveniet.
1012 2193 1154 2249 rima
1184 2207 1317 2248 aetas
1352 2187 1450 2248 sub
1487 2191 1716 2271 regibus
1739 2133 1857 2252 <suit

489 2268 682 2349 prope
720 2269 1001 2330 ducentos
1087 2273 1448 2352 uinquaginta
1489 2291 1594 2354 per
1634 2292 1854 2344 annoS,

536 2348 699 2408 uibus
739 2353 955 2410 circum
1000 2293 1179 2432 islam
1220 2368 1462 2409 matrem
1510 2349 1664 2409 suam
1716 2372 1854 2414 cum

494 2369 751 2492 gnitimis
783 2431 1020 2492 luEtatus
1056 2431 1155 2492 est.
1183 2430 1327 2490 Haec
1366 2431 1471 2488 erit
1509 2427 1634 2508 ejus
1661 2429 1854 2494 Infan-

492 2510 592 2570 tia.
628 2507 886 2592 Sequens
920 2533 951 2570 a
986 2510 1166 2571 Bruto
1204 2507 1612 2594 Collatinoque
1649 2512 1852 2575 consu-

492 2589 645 2662 libus
677 2635 697 2664 ‚
748 2593 803 2649 in
836 2591 1097 2672 Appium
1127 2590 1439 2653 Claudium
1473 2638 1493 2667 ,
1531 2591 1852 2674 Quintium

493 2669 761 2732 Fulvium
798 2670 1059 2732 consules
1082 2718 1100 2747 ‚
1133 2673 1414 2736 ducentos
1486 2677 1692 2758 uinqua
1733 2683 1850 2739 inta

494 2772 675 2814 annos
712 2769 869 2834 patet
889 2799 909 2830 ,
940 2753 1148 2837 quibus
1181 2753 1404 2820 Italiam
1465 2755 1675 2843 ubegit.
1771 2777 1850 2822 oc
