2067 3667
484 275 580 350 92
757 252 828 323 C.
881 251 1139 323 VELL.
1186 224 1605 355 PATEss'cs

487 372 665 453 ruptis
699 370 1123 431 commentariis
1158 389 1174 430 ε
1214 385 1385 451 atque
1418 370 1611 429 omnia
1641 366 1833 450 pretio

488 470 606 513 tem
653 470 839 521 erata,
865 451 1156 511 vendente
1184 450 1601 529 ‘rempublicam
1636 445 1837 510 consu·

489 533 564 594 le.
623 533 760 593 dem
786 534 1141 615 provinciam
1162 574 1184 603 ,
1219 529 1301 591 D.
1330 530 1513 591 Bruto
1536 531 1837 611 designato

491 611 708 673 consuli
747 614 1034 673 decretam
1058 655 1081 685 ‚
1112 610 1686 692 Galliam‘occupare
1730 609 1839 671 sta·-
1893 685 1899 691 .

479 696 633 756 -tuitt
658 692 968 754 Dolabella
995 689 1389 751 transmarinas
1414 691 1675 751 decrevit
1694 691 1836 765 sibi3

452 838 456 845 ,
488 776 637 834 inter
681 795 751 833 ue
771 774 1106 833 naturaliter
1124 772 1532 832 dissimillimos
1553 790 1624 831 ’ac
1646 771 1839 831 diver-

483 852 548 913 -sa
569 797 833 915 volentes
853 852 1141 914 crescebat
1158 852 1357 913 odium
1373 897 1391 926 ,
1413 850 1601 933 eoque
1622 848 1695 911 C.
1711 848 1839 911 Cae-

493 934 578 993 sar
615 932 840 1012 juvenis
877 934 1221 1015 quotidianis
1258 934 1503 994 Antonii
1539 931 1839 1013 petebatur

489 1015 728 1075 insidiis.
790 1040 801 1043 ·
1698 1048 1705 1055 ·
1815 1048 1823 1056 -

480 1132 488 1139 -
573 1092 760 1155 LXI.
801 1092 1105 1175 Torpebat
1150 1090 1413 1175 oppressa
1443 1092 1843 1154 dominatione

462 1171 736 1235 *Antonii
773 1176 972 1234 civitas
1008 1196 1023 1234 ε
1064 1174 1377 1256 indignatio
1413 1174 1480 1234 &
1512 1172 1683 1233 dolor
1700 1188 1844 1233 *om-'-

493 1255 656 1314 nibus
690 1301 708 1325 ,
757 1255 846 1314 vis
887 1254 962 1313 ad
997 1252 1381 1315 resistendum
1416 1252 1556 1312 nulli
1596 1252 1789 1313 aderat
1820 1292 1843 1325 ,

483 1356 672 1416 quum
707 1333 783 1395 C.
817 1331 1004 1395 Caesar
1048 1335 1337 1395 decimum
1372 1354 1592 1393 nonum
1632 1352 1848 1395 annum

493 1413 768 1497 ingressus
795 1460 814 1488 ,
852 1416 998 1474 mira
1037 1412 1199 1474 ausus
1224 1460 1245 1489 ,
1280 1436 1348 1475 ac·
1386 1412 1605 1473 summa
1646 1412 1846 1476 conse»

497 1514 662 1555 cutus
691 1540 710 1569 ,
758 1496 984 1577 privato
1031 1495 1271 1555 consilio
1320 1492 1601 1571 majorem
1649 1492 1847 1556 senata

495 1597 606 1658 pro
651 1575 940 1657 republica
981 1576 1236 1637 animum
1284 1576 1522 1650 habuit,
1572 1576 1847 1656 primum-

497 1676 612 1737 que
649 1678 683 1715 a
719 1654 933 1717 Calatia
953 1701 974 1728 ,
1013 1677 1155 1717 mox
1188 1678 1221 1715 a
1254 1653 1508 1723 Casilino
1539 1672 1847 1717 veteranos
1912 1682 1919 1687 ·
1966 1658 1969 1661 ’
2066 1653 2067 1656 “

499 1738 709 1795 excivit
747 1753 1032 1815 paternos,
1072 1735 1346 1815 Quorum
1388 1737 1728 1814 'exem-plum
1767 1734 1851 1795 se·-

499 1818 618 1875 cuti
670 1816 805 1887 alii,
857 1816 1024 1876 brevi
1075 1818 1134 1874 in
1177 1816 1422 1890 formam
1475 1814 1603 1895 justi
1654 1818 1847 1875 coiere
1914 1860 1925 1871 .

499 1894 785 1957 exercitfis
809 1917 822 1956 ε
847 1916 984 1955 mox
1009 1916 1185 1977 quum
1211 1895 1497 1955 Antonius
1522 1894 1848 1957 occurrisset

485 1980 774 2037 exercitui
810 2020 828 2047 ‚
873 1997 1047 2057 quem
1086 1996 1158 2036 ex
1198 1975 1575 2036 transmarinis
1616 1979 1851 2057 provin-

504 2058 606 2115 ciis
665 2056 1028 2117 Brundisium
1090 2058 1291 2117 venire
1351 2055 1575 2135 jufferat
1619 2100 1639 2131 ,
1696 2057 1849 2139 legio

503 2134 716 2197 Martia
739 2138 802 2197 &
837 2134 1065 2215 Quarta
1084 2183 1102 2206 ,
1139 2136 1373 2219 cognita
1402 2139 1465 2199 &
1490 2135 1710 2197 senatus
1732 2159 1851 2197 vo-

503 2217 719 2278 luntate
741 2261 761 2290 ,
797 2218 862 2279 &
908 2219 1051 2285 tanti
1084 2213 1309 2295 juvenis
1346 2218 1541 2277 indole
1564 2261 1583 2289 ,
1624 2216 1849 2278 sublatis

507 2300 680 2379 signis
705 2344 722 2369 ,
760 2298 833 2357 ad
873 2294 1156 2358 Caesasem
1193 2296 1251 2358 se
1290 2297 1668 2357 contulerunt.
1701 2297 1851 2357 Eum

504 2378 728 2437 senatus
775 2376 1121 2438 honoratum
1171 2375 1415 2459 equestri
1456 2376 1636 2437 statua
1659 2422 1681 2449 ,
1722 2400 1850 2459 quae

505 2457 799 2539 hodieque
845 2458 904 2515 in
954 2456 1177 2517 Rostris
1224 2458 1413 2539 posita
1455 2474 1683 2518 aetatem
1730 2456 1853 2537 ejus

503 2536 780 2618 scriptur&
810 2538 1019 2597 indicat
1060 2536 1203 2620 [qui
1238 2539 1427 2599 honor
1463 2558 1582 2599 non
1598 2540 1709 2598 -alii
1790 2557 1855 2597 er

505 2634 802 2677 trecentos
840 2639 1022 2679 annos
1061 2619 1233 2699 quam
1271 2618 1341 2679 L.
1382 2616 1596 2691 Sullae·,
1630 2622 1695 2680 δε
1758 2640 1761 2645 ·
1794 2640 1849 2677 n.
1906 2680 1913 2685 ,

499 2697 789 2785 Pompeio
811 2742 831 2774 ,
873 2700 940 2763 &
983 2697 1059 2765 C.
1098 2697 1307 2781 Caesati
1340 2698 1701 2787 contigerat]
1740 2719 1849 2781 pro
