2067 3667
479 301 540 370 L
586 320 626 373 ι
673 319 728 372 Β
777 323 828 373 ε
875 321 930 374 ιι
1029 301 1205 376 ΙΙΙ.
1398 319 1545 380 121·

183 421 484 484 ¹'celet-itate
517 443 540 496 3
574 423 792 504 quippe
835 424 934 504 qui
971 425 1143 484 tertia
1176 423 1375 508 vigilia
1410 421 1551 486 Mo·

185 505 319 562 rino
359 499 610 563 solvisset
643 523 677 562 a
711 521 921 585 portu,
967 506 1155 564 minus
1238 504 1373 564 uam
1416 523 1551 566 me·

189 583 292 643 dio
325 583 422 644 die
460 581 698 644 infulam
726 581 1001 666 ingressus
1040 583 1139 645 est.
1172 585 1217 646 P
1241 605 1349 646 ena
1384 603 1549 647 erant

187 663 438 724 tumultu
467 662 693 724 hostico
725 664 952 740 littora,
995 667 1061 726 &
1091 667 1433 747 trepidantia
1470 667 1547 728 ad

185 741 556 826 conspefflm
591 747 674 805 rei
702 765 874 807 trovae
903 764 1172 827 carpenta
1204 747 1544 810 volitabant.
1634 787 1647 797 ·

187 823 386 906 Itaque
419 825 730 906 trepidatio
757 845 865 906 pro
895 826 1141 888 viaoria
1168 826 1298 890 fuit.
1326 827 1549 904 Arma,

185 907 256 966 δι
291 904 526 966 obsides
565 908 788 988 accepit
823 929 856 966 a
885 907 1162 987 trepidis»,
1206 908 1272 968 &
1306 907 1544 968 ulterius

183 983 332 1046 iiss'et
361 1028 382 1059 ‚
440 986 550 1044 nisi
597 986 928 1067 improbam
971 985 1198 1047 claffem
1245 987 1546 1070 naufragio

185 1063 494 1160 castigass'et
545 1063 839 1128 Oceanus.
899 1065 1193 1128 Reversus
1250 1069 1423 1152 igitur
1482 1070 1547 1128 in

179 1143 465 1217 Galbam,
495 1145 664 1207 classe
695 1147 914 1227 majore
938 1191 957 1219 ,
988 1146 1273 1230 aufflsque
1308 1149 1495 1228 copiis
1518 1193 1543 1221 ,

177 1229 244 1286 in
281 1227 553 1286 eumdem
591 1227 778 1288 rursus
805 1225 1157 1301 Oceanum,
1190 1227 1547 1311 eosdemque

182 1306 372 1367 rursus
410 1306 714 1368 Britannos
740 1351 761 1381 ‚
804 1305 1134 1369 Calidonias
1177 1306 1446 1390 sequutus
1478 1312 1545 1370 in

177 1387 380 1470 sylvas
400 1431 420 1461 ,
451 1409 632 1448 unum
667 1408 902 1470 quoque
937 1409 971 1448 e
1006 1389 1237 1471 regibus
1275 1387 1544 1450 Cavelia-

177 1473 274 1528 nis
304 1470 366 1528 in
395 1469 626 1530 vincula
657 1469 836 1530 dedit.
875 1466 1203 1530 Contentus
1242 1471 1333 1530 his
1376 1469 1541 1551 (non

183 1551 339 1608 enim
369 1550 718 1629 provinciae‚
759 1547 858 1610 sed
897 1552 1122 1609 nomini
1162 1549 1543 1632 studebatur)

173 1651 316 1694 tum
359 1627 581 1708 majore
613 1675 632 1704 ,
660 1629 832 1711 quam
867 1632 1020 1710 prius
1042 1675 1067 1702 ,
1096 1629 1292 1711 praeda
1332 1649 1541 1692 revec-

179 1728 273 1770 tus
313 1707 396 1770 est
447 1731 467 1785 3
519 1708 644 1790 ipso
677 1727 910 1791 quoque
944 1707 1191 1771 Oceano
1230 1710 1540 1792 tranquillo

173 1794 364 1873 magis
406 1835 426 1864 ,
475 1791 542 1852 &
592 1793 846 1871 propitio
879 1835 898 1864 ‚
941 1793 1101 1874 quasi
1144 1794 1429 1874 imparem
1474 1790 1538 1853 se

176 1871 477 1932 fateretur.
505 1869 619 1930 Sed
649 1873 895 1932 maxima
926 1875 1188 1934 omnium
1217 1873 1541 1956 eademque

173 1954 503 2014 novissima
521 1949 840 2031 conjuratio
859 1951 964 2012 fuit
985 1952 1329 2024 Galliarum,
1354 1973 1538 2036 quum

179 2053 391 2092 omnes
422 2034 638 2113 pariter
673 2031 972 2092 Arvernos
1003 2051 1175 2116 atque
1211 2033 1493 2115 Biturigas
1512 2075 1537 2104 ,

179 2110 467 2174 Carnutas
501 2112 672 2172 simul
699 2110 1111 2195 Sequanosque
1136 2113 1537 2175 contraxit-ille

177 2213 434 2274 corpore
450 2237 473 2265 ,
518 2194 690 2252 armis
731 2191 1041 2275 spirituque
1079 2193 1375 2262 terribilis,
1418 2213 1536 2254 no·-

173 2276 340 2334 mine
363 2275 535 2333 etiam
560 2300 562 2302 ’
641 2275 722 2333 asi
741 2291 966 2334 terrore
991 2275 1319 2354 composito
1336 2313 1356 2344 ,
1376 2272 1534 2334 Ver·

174 2345 597 2496 ffirwffa‘a,
623 2352 1535 2496 Ῑὲῑὲῑΐξῇέξξῇῑκῗᾞῑ

171 2479 397 2589 beret:
416 2455 762 2575 qferocibusq
777 2513 941 2574 dietis
981 2515 1055 2574 ad
1091 2513 1181 2595 jus
1229 2513 1532 2597 pristinum

174 2596 458 2656 libertatis
497 2597 693 2658 erexit.
722 2594 946 2655 Aberat
973 2611 1109 2655 tunc
1144 2593 1335 2656 Caesar
1350 2641 1373 2668 ,
1410 2596 1536 2658 Ra-

171 2695 392 2736 vennae
429 2675 717 2737 deleaum
766 2695 939 2758 agens
979 2696 993 2735 ε
1040 2677 1103 2735 &
1144 2677 1364 2756 hyeme
1408 2697 1535 2738 cre-

173 2773 390 2820 verant
437 2755 626 2839 Alpes
669 2779 686 2819 z
736 2758 816 2820 sic
851 2753 1215 2818 interclusum
1260 2757 1535 2897 pgrtabant
