2067 3667
556 298 831 369 Hlsr.
884 302 1186 371 Luna
1228 302 1335 373 ΙΙ.
1518 326 1614 402 39

251 413 330 475 ab
375 414 660 498 equitibus
699 416 775 477 ad
817 437 954 479 eum
989 418 1298 482 transferre
1345 422 1614 487 ordinem

251 494 500 579 [quippe
519 518 652 557 eam
671 496 1016 581 potestatem
1031 500 1177 561 nacti
1194 505 1417 585 equites
1430 503 1615 567 Grac·

247 578 450 637 thanis
473 578 693 661 legibus
708 622 728 653 ‚
749 600 929 661 quum
953 583 1012 639 in
1034 583 1249 643 multos
1268 583 1615 647 clarissimos

245 676 308 719 at
391 680 424 718 e
447 661 951 722 innocentissimos
979 665 1135 723 viros
1152 660 1429 725 saeviss‘ent
1442 710 1462 741 ‚
1486 684 1613 729 tum

241 738 292 801 P
375 741 516 801 lium
550 740 831 802 Rutilium
852 784 873 815 ‚
904 746 1094 804 virum
1128 764 1248 806 non
1280 743 1453 807 seculi
1487 746 1569 807 sui
1591 792 1615 823 ,

241 819 351 882 sed
399 823 594 882 omnis
649 824 762 882 aevi
813 825 1099 905 optimum
1131 868 1152 898 ,
1196 828 1609 911 interrogatum

241 901 379 985 lege
408 904 856 985 repetundarum
876 948 898 977 ‚
929 908 1187 965 maximo
1220 928 1353 968 cum
1388 911 1609 990 gemitu

243 985 500 1044 civitatis
520 1027 540 1058 ‚
571 984 1026 1059 damnaverant]
1066 988 1125 1046 in
1156 988 1223 1045 iis
1260 989 1401 1067 ipsis
1422 1033 1441 1062 ,
1477 1008 1607 1070 quae

243 1082 356 1145 pro
382 1062 578 1124 senatu
600 1064 947 1126 moliebatur
967 1110 988 1137 ,
1010 1064 1266 1127 senatum
1288 1069 1485 1127 habuit
1506 1070 1605 1127 ad·

241 1143 564 1206 versarium
583 1190 604 1221 ‚
638 1166 760 1206 non
801 1146 1216 1228 intelligentem
1238 1190 1255 1219 ,
1298 1150 1343 1207 si
1378 1170 1489 1231 qua
1528 1151 1604 1209 de

241 1225 436 1321 plebis
467 1227 796 1287 commodis
829 1226 902 1287 ab
935 1247 1014 1287 eo
1048 1245 1348 1309 agerentur
1370 1274 1389 1302 ,
1421 1228 1602 1290 veluti

235 1305 562 1369 inescandae
591 1307 1012 1389 illiciendaeque
1034 1307 1409 1369 multitudinis
1430 1310 1600 1370 causa

236 1386 370 1447 fieri
390 1432 410 1463 ‚
445 1404 510 1448 ut
546 1388 863 1447 minoribus
894 1390 1181 1469 perceptis
1212 1387 1435 1469 ‘majora
1546 1410 1602 1450 r·

235 1471 516 1529 mitteret.
549 1468 822 1550 Denique
861 1489 928 1528 ea
962 1468 1191 1530 fortuna
1230 1468 1410 1531 Drusi
1445 1410 1551 1530 ἐξιῇ
1574 1512 1601 1544 ,

235 1567 304 1609 ut
335 1548 633 1610 malefacta
665 1548 1016 1632 collegarum
1034 1595 1054 1624 ,
1088 1548 1259 1632 quum
1290 1548 1413 1629 ejus
1444 1552 1599 1633 opti·

235 1630 338 1691 me
362 1630 434 1691 ab
451 1628 578 1712 ipso
601 1632 850 1713 cogitata
870 1675 889 1704 ,
927 1628 1149 1695 senatus
1174 1630 1448 1710 probaret
1470 1652 1600 1691 ma-

281 1713 330 1770 ‘s
359 1732 380 1785 ;
409 1712 474 1773 &
501 1712 787 1771 honorem
808 1754 827 1783 ,
864 1712 961 1792 qui
983 1710 1056 1770 ab
1088 1730 1164 1771 eo
1193 1709 1557 1772 deferebatur
1575 1756 1599 1787 ,

235 1731 532 1873 gemeret
562 1813 582 1866 ;
608 1790 840 1872 injurias
859 1834 879 1865 ,
915 1810 1047 1873 quae
1076 1790 1149 1851 ab
1179 1790 1301 1851 aliis
1329 1794 1597 1853 intende·-

230 1872 442 1933 bantur
465 1920 484 1948 ,
517 1894 687 1953 aequo
720 1876 916 1933 animo
948 1874 1234 1954 reciperet
1270 1892 1290 1945 3
1328 1874 1393 1934 &
1426 1872 1597 1953 hujus

229 1953 474 2013 summae
515 1954 714 2035 gloriae
754 1952 1044 2015 invideret
1072 1996 1093 2025 ,
1128 1952 1363 2014 illorum
1398 1955 1596 2021 modi·-

229 2055 364 2096 cam
394 2034 586 2095 ferret.

313 2114 504 2176 XIV.
545 2113 704 2175 Tum
749 2112 1060 2175 conversus
1097 2112 1281 2173 Drusi
1322 2115 1543 2174 animus
1569 2158 1593 2189 ,

313 2196 468 2257 ando
509 2196 660 2256 bene
706 2212 900 2277 coepta
950 2193 1105 2253 male
1152 2193 1433 2253 cedebant
1460 2240 1481 2270 ‚
1517 2192 1593 2255 ad

272 2277 485 2337 andam
508 2279 804 2338 civitatem
828 2274 1025 2335 Italiae.
1049 2272 1238 2353 Quod
1260 2294 1437 2355 quum
1460 2295 1595 2335 mo-

223 2356 378 2418 liens
420 2355 736 2418 revertiss'et
774 2376 808 2416 e
847 2354 978 2417 foro
1011 2401 1030 2430 ,
1066 2354 1345 2415 immensa
1387 2354 1482 2415 illa
1522 2357 1590 2417 δι

222 2438 529 2579 ipcggnita
545 2441 884 2579 ἰιιῗέἒῗαῗὲἓ
911 2436 1591 2577 ἓῗξζῖξέῗῖᾆῖῗῖᾄζ

221 2540 470 2662 glltelllso
485 2540 790 2683 ‘germffus
819 2643 838 2672 ,
872 2560 977 2681 ’qui
1014 2594 1217 2656 affixus
1259 2598 1417 2657 lateri
1458 2597 1589 2677 ejus

219 2680 462 2742 reliRus
501 2680 584 2743 est
607 2728 626 2756 ,
667 2684 816 2740 intra
847 2698 1055 2762 paucas
1092 2678 1263 2737 horas
1312 2678 1586 2739 decessit.

217 2761 349 2825 Sed
373 2784 552 2847 quum
577 2762 846 2824 ultimum
875 2758 1149 2823 redderet
1176 2756 1431 2840 spiritum
1451 2804 1471 2834 ,
1494 2761 1593 2819 in-
