2067 3667
467 316 749 387 HIST.
801 316 1115 387 Lmen
1152 317 1265 387 II.
1394 340 1522 416 125

176 433 553 519 Egnatianum
589 432 771 497 scelus
809 452 1139 515 erumperet
1158 476 1179 507 ,
1212 438 1357 497 circa
1394 435 1532 497 Mu·-

177 512 768 598 renae-Caepionisque
803 513 1217 597 conjurationis
1256 533 1487 597 tempus
1508 560 1533 587 ,

173 597 382 657 abhinc
411 618 594 657 annos
631 598 770 677 quin
813 600 1087 677 uaginta,.
1104 596 1195 657 M.
1216 596 1529 657 Marcellus

173 676 386 739 sororis
418 675 662 760 Augusti
697 676 760 737 O
817 680 960 737 aviae
999 675 1183 746 filius,
1210 698 1389 759 quem
1418 677 1528 739 ho-

173 760 362 819 mines
397 760 475 819 ita
493 804 512 829 ‚
545 759 594 819 si
631 758 772 840 quid
807 756 1095 819 accidisset
1127 755 1375 833 Caesari,
1401 756 1529 819 suc·

173 837 452 901 cefforem
483 841 754 920 potentiae
779 836 912 919 ejus
937 838 1350 899 arbitrabantur
1373 837 1529 899 futu·

173 941 303 979 rum
330 964 351 995 ‚
387 936 452 979 ut
484 935 678 979 tamen
711 918 774 979 id
811 940 918 1000 per
949 919 1042 979 M.
1077 919 1401 1001 Agrippam
1440 918 1531 979 se·-

149 1002 320 1061 'curo
339 1001 393 1059 ei
417 998 576 1080 poss'e
597 1002 930 1080 contingere
951 1019 1071 1059 non
1102 998 1489 1059 existimarent
1506 1043 1528 1074 ,

171 1077 740 1159 magnificentissimo
774 1098 1012 1139 munere
1031 1079 1309 1139 aedssitatis
1334 1079 1491 1140 edito
1507 1122 1532 1153 ,

173 1161 428 1221 decessit
446 1158 763 1220 admodum
780 1157 1037 1237 juvenis»,
1059 1158 1189 1219 sane
1204 1204 1225 1233 ,
1252 1176 1313 1219 ut
1334 1162 1488 1219 aiunt
1507 1204 1531 1233 ,
1556 1169 1566 1176 ⁴

171 1244 548 1322 ingenuarum
593 1241 872 1302 virtutum
893 1285 912 1313 ,
944 1238 1213 1321 laetusque
1248 1242 1422 1299 animi
1462 1242 1540 1303 &-

172 1324 430 1404 ingenii,
465 1320 823 1401 fortunaeque
859 1367 876 1390 ‚
915 1321 975 1380 in
1011 1340 1185 1401 quam
1226 1321 1531 1392 alebatur,

173 1422 242 1463 ca
282 1423 370 1463 ax.
412 1399 544 1462 Post
588 1399 754 1481 cujus
805 1401 1028 1461 obitum
1070 1402 1331 1483 Agrippa
1364 1446 1383 1475 ‚
1426 1403 1530 1483 qui

172 1424 280 1543 sul),
295 1482 486 1565 specie
509 1480 956 1543 ministeriorum
973 1482 1365 1563 principalium
1388 1504 1535 1562 pro-

171 1562 352 1625 fee'tus
381 1566 440 1622 in
472 1563 683 1623 Asiam
703 1606 726 1633 ,
751 1580 816 1623 ut
846 1560 997 1621 fama
1031 1562 1318 1642 loquitur,
1344 1562 1424 1621 ob
1448 1570 1551 1623 τιν’

171 1646 312 1705 citas
347 1664 482 1703 cum
514 1642 798 1703 Marcello
829 1640 1181 1701 offensiones
1206 1684 1227 1713 ,
1263 1640 1556 1721 praesenti=

171 1724 233 1785 se
267 1723 609 1783 subduxerat
643 1722 941 1801 tempori,
965 1720 1221 1781 reversus
1249 1721 1387 1781 inde
1413 1764 1432 1793 ‚
1466 1719 1535 1779 fi·

171 1805 308 1864 liam
341 1800 578 1864 Caesaris
601 1802 632 1863 J
635 1802 806 1862 uliam
829 1844 852 1875 ,
919 1822 1055 1863 uam
1080 1805 1136 1863 in
1158 1804 1533 1863 matrimonio

172 1885 486 1946 Marcellus
529 1882 850 1956 habuerat,
929 1886 1049 1943 uxit
1097 1902 1343 1943 uxorem
1377 1904 1396 1957 ;
1440 1881 1584 1943 fea--

171 1968 390 2026 minam
415 1985 604 2047 neque
639 1964 749 2025 sibi
779 1984 966 2046 neque
990 1964 1318 2047 reipublicae
1344 1961 1530 2023 felicis

174 2064 344 2106 uter-1.

261 2122 516 2186 XCIV.
557 2125 694 2186 Hoc
741 2122 916 2185 tractu
963 2142 1297 2206 temporum
1319 2168 1341 2195 ,
1386 2120 1529 2183 Tib.

177 2202 453 2266 Claudius
486 2204 649 2265 Nero
681 2247 701 2275 ‚
736 2211 854 2286 q'uo
895 2206 1069 2263 trimo
1096 2248 1115 2275 ,
1152 2222 1216 2263 ut
1260 2205 1533 2285 praedixi-

173 2308 308 2347 mus
331 2331 353 2360 ‚
383 2286 548 2349 Livia
565 2284 748 2346 Drusi
769 2284 1071 2345 Claudiani
1094 2283 1205 2344 filia
1227 2328 1251 2356 ,
1282 2282 1535 2363 despon-

175 2368 352 2429 dente
374 2366 612 2428 Nerone
650 2367 743 2427 cui
779 2366 909 2427 ante
945 2384 1123 2447 nupta
1146 2364 1327 2425 fuerat
1350 2406 1371 2437 ,
1402 2360 1535 2423 Cae-

175 2446 285 2508 sari
323 2447 586 2527 nupserat
611 2490 632 2520 ‚
672 2448 976 2507 innutritus
1022 2444 1339 2507 coelestium
1382 2465 1531 2525 prae-

175 2543 482 2607 ceptorum
516 2527 822 2609 disciplinis
840 2572 860 2603 ‚
879 2525 1104 2606 juvenis
1130 2546 1341 2607 genere
1362 2570 1384 2597 ,
1408 2523 1532 2584 for-

174 2608 276 2669 mai
294 2650 313 2679 ‚
349 2608 682 2669 celsitudine
707 2611 966 2689 corporis
985 2652 1004 2679 ,
1033 2629 1075 2667 0
1118 2608 1270 2675 timis
1296 2605 1491 2669 studiis
1510 2650 1535 2677 ,

175 2690 550 2771 maximoque
600 2690 832 2769 ingenio
879 2688 1055 2747 instru
1110 2686 1333 2745 ‘'ssimus
1365 2729 1389 2757 ,
1433 2690 1537 2767 qui

175 2771 441 2853 protinus
461 2814 482 2844 ,
519 2788 762 2851 quantus
795 2765 884 2855 -est
912 2812 932 2843 ,
975 2766 1183 2851 sperari
1220 2782 1485 2856 pptuerat
1510 2810 1535 2840 ,

1142 2845 1189 2907 F
1231 2848 1289 2930 iij
