2067 3667
488 314 587 403 46
734 315 811 382 L.
862 309 1229 382 ANNE!
1275 309 1584 380 onnz

486 434 837 502 clarissimos
860 433 1148 515 principes
1169 473 1189 503 ‚
1211 451 1390 513 quum
1415 427 1852 492 adversarentur

494 515 775 576 voluntati
822 512 933 572 suae
966 557 986 586 ‚
1032 511 1382 575 exsulatione
1425 510 1690 572 multavit
1722 532 1737 571 ε
1777 527 1852 571 ut

490 593 874 655 Coriolanum
912 592 1104 654 colere
1140 613 1309 676 agros
1346 591 1644 673 jubentem
1673 611 1692 665 ;
1731 611 1848 652 nec

492 675 682 735 miniis
717 675 813 734 ille
848 672 1122 734 ferociter
1154 672 1418 752 injuriam
1456 673 1624 732 armis
1657 671 1852 734 vindi-

492 752 669 814 casset
702 799 721 829 ,
760 755 866 813 nisi
908 753 1068 836 quod
1121 751 1237 830 jam
1287 753 1632 814 inferentem
1685 754 1852 840 signa

492 833 680 895 filium
724 853 905 894 mater
946 833 1186 894 Veturia
1223 835 1494 914 lacrymis
1535 832 1645 894 suis
1681 845 1852 892 exar-

491 917 714 978 mavit:
740 928 805 975 ut
839 914 1023 996 ipsum
1061 913 1376 976 Camillum
1396 960 1416 989 ,
1457 914 1616 998 quod
1647 914 1851 994 inique

490 997 644 1061 inter
666 995 900 1077 plebem
923 998 989 1059 &
1009 999 1320 1059 exercitum
1351 993 1600 1056 divisisse
1627 991 1850 1054 Veien-

490 1092 615 1142 tem
656 1078 911 1158 praedam
942 1077 1256 1138 videretur.
1297 1075 1412 1138 Sed
1453 1077 1546 1136 hic
1588 1075 1798 1136 melior
1822 1117 1845 1150 ,

494 1158 555 1216 in
596 1175 762 1238 capta
798 1159 939 1218 urbe
976 1156 1276 1218 consenuit
1306 1179 1327 1231 ;
1361 1160 1428 1220 &
1462 1177 1604 1217 mox
1634 1153 1848 1236 suppli-

489 1257 589 1296 ces
614 1237 687 1298 de
720 1236 882 1298 hoste
905 1235 1085 1300 Gallo
1112 1239 1450 1299 vindicavit.
1471 1235 1628 1298 Cum
1650 1234 1846 1296 senatu

488 1338 726 1398 quoque
759 1318 1159 1382 vehementihs
1197 1339 1367 1399 aequo
1407 1317 1685 1398 bonoque
1721 1336 1846 1376 cer-

488 1413 671 1456 tatum
706 1395 785 1456 est
812 1420 831 1471 ;
856 1399 1004 1458 adeo
1041 1418 1104 1460 ut
1124 1443 1144 1473 ‚
1179 1398 1386 1458 reliffls
1419 1397 1643 1458 sedibus
1662 1441 1685 1468 ,
1715 1394 1846 1455 soli-

484 1477 747 1538 tudinem
767 1479 1138 1541 &interitum
1160 1480 1354 1561 patriae
1375 1477 1486 1539 suae
1509 1479 1840 1539 minaretur.

508 1625 1820 1700 ι--έεξεῆῑει-...ξ-..Ξ-ῆ

716 1775 1145 1848 CAPUT
1241 1774 1618 1849 XXIII.

489 1899 783 2010 PR1MA‘
833 1939 1116 2002 discordia
1164 1943 1242 2003 ob
1290 1944 1692 2026 impotentiam
1732 1941 1840 2005 foe·

489 2041 823 2084 necatorum
860 2045 875 2082 z
912 2024 1122 2104 quibus
1163 2025 1222 2083 in
1263 2041 1424 2108 terga
1459 2045 1694 2107 quoque
1727 2024 1842 2086 ser-

486 2104 686 2164 viliter·
728 2102 1090 2166 saevientibus
1119 2149 1140 2179 ,
1187 2107 1246 2164 in
1293 2103 1526 2169 Sacrum
1576 2122 1839 2166 montem

524 2185 654 2244 iebs
694 2202 906 2266 aogmata
938 2183 1170 2246 secessit
1199 2207 1220 2260 ;
1256 2207 1304 2244 ae
1345 2185 1520 2267 reque
1539 2231 1562 2260 ,
1595 2205 1701 2246 nec
1731 2188 1839 2245 nisi

487 2204 783 2324 ffiffiifios
828 2264 1175 2350 impetrasset
1196 2309 1217 2339 ,
1333 2269 1522 2326 enenii
1559 2265 1836 2350 Agrippae

488 2343 715 2404 facundi
759 2345 824 2404 δι
866 2343 1130 2429 sapientis
1166 2348 1279 2406 viri
1320 2345 1654 2407 anaoritate
1687 2392 1708 2422 ‚
1749 2367 1838 2407 re-

487 2441 697 2484 vocata
739 2422 841 2485 est.
880 2425 1073 2486 Exstat
1108 2427 1382 2487 orationis
1424 2430 1668 2509 antiquae
1707 2426 1836 2486 satis

489 2501 695 2564 efficax
732 2504 804 2564 ad
842 2506 1213 2568 concordiam
1253 2505 1479 2581 fabula,
1517 2509 1632 2589 quii
1673 2511 1731 2566 di
1775 2531 1836 2566 e·-

482 2583 620 2663 dzjffe
644 2587 783 2644 inter
798 2584 862 2664 fi?
893 2587 1164 2668 q'uondam
1188 2588 1455 2648 humanos
1482 2588 1626 2648 dixit
1647 2607 1794 2649 artus
1812 2633 1833 2663 ‚

482 2665 635 2744 quod
662 2667 921 2726 omnibtis
937 2689 1086 2748 opere
1103 2665 1459 2750 fingentibus
1475 2713 1500 2740 ,
1522 2667 1680 2748 Jblus
1703 2692 1834 2748 ven·

485 2761 568 2806 ter
607 2748 861 2810 immunis
902 2766 1078 2831 ageret
1119 2769 1140 2811 ι
1176 2751 1369 2812 deinde
1418 2751 1758 2814 moribundos
1793 2771 1832 2808 a
