2067 3667
603 294 694 377 228
751 374 756 379 ,
861 302 930 373 C.
989 308 1244 373 Vsu.
1294 272 1691 375 Parcite.

599 422 934 487 Gracchum
981 421 1222 484 stantem
1259 425 1318 485 in
1358 444 1487 483 area
1532 444 1665 485 cum
1708 422 1947 485 caten-‘vis

602 504 711 567 suis
754 552 775 581 ,
831 507 897 566 &
945 507 1310 566 concientem
1350 525 1499 584 pene
1547 508 1732 565 totius*
1772 503 1947 565 Italiae

599 584 1001 667 frequentiam.
1067 585 1125 645 Is
1187 583 1409 667 fugiens
1452 628 1471 659 ‚
1532 584 1946 667 decurrensque

601 667 760 727 clivo
783 664 1119 747 Capitolino
1140 709 1159 739 ‚
1192 664 1468 747 fragmine
1500 662 1745 726 subsellii
1772 664 1947 741 ἰᾶιιε,

599 749 825 820 vitam,
858 746 1028 829 quarn
1062 746 1470 829 gloriosissime
1508 747 1579 806 de
1624 768 1719 807 ere
1753 763 1949 829 potue-

599 845 688 888 rat
706 872 729 900 ,
765 827 1067 887 immatura
1097 845 1285 889 morte
1312 827 1519 888 finivit.
1619 850 1693 889 oc
1721 829 1947 888 initium

595 910 657 968 in
707 909 845 968 urbe
895 908 1089 970 Roma
1132 908 1315 968 civilis
1356 906 1636 990 sanguinis
1663 952 1683 982 ‚
1732 908 1949 991 gladio-

597 1010 842 1072 rumque
882 988 1232 1069 impunitatis
1265 987 1392 1048 fuit.
1436 988 1580 1050 lnde
1610 987 1702 1071 jus
1741 992 1803 1049 vi
1843 990 1944 1050 ob·

595 1074 789 1143 'tutum
811 1116 829 1141 ,
871 1071 1283 1153 potentiorque
1320 1068 1545 1130 habitus
1586 1071 1791 1151 prim-3
1838 1071 1945 1131 dis·

595 1152 808 1211 cordiae
893 1172 926 1209 e
988 1152 1203 1212 civium
1233 1195 1252 1224 ,
1314 1167 1477 1210 antea
1526 1150 1944 1211 conditionibus

597 1230 777 1292 sanari
877 1231 991 1291 litae
1017 1275 1037 1305 ‚
1080 1228 1236 1291 ferro
1278 1228 1597 1309 dijudicatae
1622 1244 1655 1305 ;‘
1684 1230 1942 1314 bellaque

595 1331 722 1373 non
761 1314 944 1371 causis
980 1312 1117 1384 inita
1140 1357 1161 1386 ‚
1200 1308 1299 1369 sed
1345 1328 1517 1393 prout
1556 1332 1759 1371 eorum
1800 1332 1945 1371 mer·

599 1412 699 1452 ces
752 1390 875 1452 fuit.
933 1389 1124 1471 Quod
1180 1391 1330 1461 haud
1383 1393 1591 1452 mirum
1649 1390 1734 1452 est
1774 1415 1790 1453 ε
1833 1412 1944 1452 non

599 1470 758 1533 'enim
799 1473 878 1533 ibi
913 1470 1236 1532 'consistunt
1279 1472 1546 1554 exempla
1570 1518 1589 1547 ,
1630 1473 1788 1533 unde
1832 1494 1945 1533 coe-

599 1569 813 1637 petunt
839 1598 858 1629 ,
894 1550 991 1613 sed
1028 1552 1339 1633 quamlibet
1369 1555 1426 1612 in
1454 1572 1691 1614 tenuem
1722 1571 1943 1637 recepta

600 1636 890 1695 tramitem
922 1676 942 1705 ‚
995 1630 1268 1693 latissime
1315 1635 1596 1716 evagandi
1640 1635 1753 1694 sibi
1796 1637 1944 1696 viam

597 1712 864 1789 faciunt3
905 1715 977 1775 ’δε
999 1723 1037 1789 ,”
1065 1713 1166 1773 ubi
1214 1712 1390 1774 semel
1431 1714 1587 1776 τεᾶο
1627 1714 1941 1777 deerratum
2030 1766 2032 1775 ⁴

600 1794 734 1871 est,
783 1797 842 1854 in
889 1802 1147 1876 piaeceps
1194 1797 1527 1876 pervenitur
1574 1818 1587 1856 τ
1635 1816 1744 1856 nec
1798 1799 1943 1879 quis-

647 1896 778 1935 uam
830 1876 937 1934 sibi
987 1892 1150 1956 putat
1201 1894 1368 1956 turpe
1406 1920 1425 1951 ,
1489 1876 1651 1958 quod
1702 1877 1800 1937 alii
1844 1876 1941 1937 fuit
2029 1950 2030 1953 Ἴ

599 1897 967 2019 ἓυὲὶυοίὶιπι.
1060 2003 1065 2009 .

686 2035 803 2096 1v.
847 2035 1128 2110 Interim,
1177 2036 1319 2096 dum
1360 2036 1483 2097 haec
1526 2038 1587 2096 in
1637 2034 1804 2098 Italia
1853 2058 1940 2121 ge-

600 2134 808 2178 runtur
831 2160 848 2189 ‚
888 2114 1245 2188 Aristonicus
1273 2161 1292 2192 ‚
1332 2134 1565 2179 mortuo
1604 2136 1742 2201 rege
1786 2120 1943 2179 Atta·

601 2198 668 2259 lo
693 2245 714 2275 ,
757 2220 791 2258 a
827 2218 946 2278 quo
976 2198 1120 2257 Asia
1152 2198 1373 2279 populo
1413 2197 1680 2259 Romano
1706 2195 1941 2260 'heredi-

603 2295 721 2339 tate
765 2276 958 2338 relidia
999 2295 1122 2338 erat
1142 2321 1165 2349 ,
1211 2280 1355 2339 sicut
1394 2278 1585 2339 reliRa
1623 2278 1828 2359 postea
1868 2278 1941 2340 est
2024 2278 2026 2309 ⁴

591 2354 638 2418 ‘a
689 2358 1016 2439 Nicomede
1068 2358 1341 2440 Bithynia
1377 2403 1402 2432 ,
1457 2361 1729 2420 mentitus
1781 2364 1941 2443 regiae

605 2437 790 2521 stirpis
834 2441 918 2499 ori
963 2441 1116 2499 inem
1145 2483 1166 2513 ,
1210 2441 1378 2499 armis
1418 2460 1548 2501 eam
1586 2458 1851 2523 occupat.
1890 2438 1939 2500 Is
2022 2494 2024 2515 ἶ

605 2519 790 2579 νὶξίυε
848 2542 881 2580 a
923 2460 1028 2580 551.
1093 2518 1382 2601 Perperna
1432 2564 1454 2594 ‚
1518 2520 1829 2605 dustusque
1886 2524 1940 2580 in

587 2594 935 2680 'triumph03
970 2598 1071 2659 sed
1107 2600 1210 2661 M’.
1229 2600 1490 2683 Aquinio
1524 2623 1589 2663 ca
1634 2604 1714 2663 ite
1748 2621 1940 2683 poenas

607 2678 809 2754 dedit,
848 2700 1025 2760 quum
1060 2682 1225 2741 initio
1261 2681 1401 2741 belli
1437 2680 1519 2746 Cr
1595 2704 1693 2745 um
1724 2682 1944 2744 Mucia-

601 2780 746 2823 num
765 2802 788 2835 ‚
833 2761 1023 2826 virum
1061 2758 1205 2845 jutis
1242 2760 1677 2827 scientissimum
1700 2807 1723 2841 ,
1768 2764 1941 2828 dece·
2019 2845 2020 2866 Χ
