2067 3667
544 337 639 432 48
796 341 866 410 L.
917 340 1284 408 ANNAEJ
1332 338 1636 406 FLottt

1175 477 1886 540 “’k-g——a-

814 605 1246 680 CAPUT-
1327 605 1617 678 XXV.

544 731 903 840 Turum
932 772 1273 834 seditionem
1309 773 1578 834 excitavit
1603 773 1902 836 matrimo-

542 858 772 917 niorum
810 855 1049 937 dignitas
1089 876 1109 928 ;
1137 871 1202 912 ut
1233 853 1448 934 plebeii
1483 873 1618 912 cum
1651 855 1900 934 patriciis

544 936 919 1019 jungerentur
950 956 967 994 t
1050 937 1108 994 ui
1150 936 1428 994 tumultus
1470 937 1528 992 in
1569 950 1768 994 monte
1809 933 1901 995 Ja-

544 1017 742 1078 niculo
774 1061 793 1091 ‚
829 1016 976 1077 duce
1116 1015 1310 1076 nuleio
1359 1012 1624 1076 ‘tribuno
1667 1014 1894 1098 plebis,

546 1114 773 1158 exarsit.

567 1222 607 1260 ’Β

1174 1196 1877 1272 ’ᾙὲ-ε--τεε--ι--Ξῦ

802 1325 1213 1396 CAPUT
1308 1324 1652 1396 XXVI.

554 1445 961 1585 QUAM-AM
986 1491 1277 1550 honorum
1307 1490 1558 1572 cupido,
1586 1507 1650 1550 ut
1723 1492 1897 1552 lebeii

596 1593 789 1655 uoque
850 1569 1205 1654 magistratus
1267 1589 1611 1631 crearentur.
1741 1572 1898 1632 abins

549 1594 865 1716 ambustus
888 1654 1132 1712 duarum
1153 1668 1348 1732 pater,
1378 1652 1617 1712 alteram
1639 1649 1895 1733 Sulpicio

594 1737 773 1794 atricii
797 1734 1078 1814 sanguinis
1102 1733 1340 1792 dederat
1355 1778 1374 1804 ,
1409 1733 1644 1794 alteram
1667 1732 1895 1813 plebeio

550 1756 804 1876 gtoloni:
826 1818 953 1894 qui,
972 1833 1151 1896 quum
1171 1830 1315 1873 uxor
1339 1811 1461 1893 ejus
1477 1856 1500 1883 ,
1521 1814 1681 1894 qubd
1702 1814 1775 1874 ad
1801 1813 1897 1874 lic-

546 1896 711 1954 toriae
742 1897 917 1975 virgae
942 1893 1144 1953 sonum
1176 1896 1437 1976 ignotum
1509 1894 1760 1954 enatibus
1787 1893 1896 1954 suis

553 1994 623 2033 ex
670 1992 902 2047 averat,
938 1995 971 2032 a
1000 1972 1196 2034 sorore
1229 1973 1362 2033 satis
1397 1916 1705 2034 inglenter
1745 1974 1896 2036 irrisa

550 1995 688 2114 essgt
704 2099 723 2128 ‚
754 2052 1018 2134 injuriam
1047 2075 1168 2114 non
1193 2054 1344 2115 tulit.
1370 2053 1453 2114 Ita
1495 2074 1567 2114 ue
1592 2054 1782 2117 πειᾶιις
1801 2057 1899 2115 tri-

547 2135 865 2208 bunatum,
892 2135 1181 2195 honorum
1213 2136 1276 2197 &
1309 2139 1459 2218 magi
1535 2152 1893 2195 atuum·con·

552 2214 786 2277 sor-tium
809 2261 829 2287 ,
875 2219 1138 2298 quamvis
1165 2219 1346 2276 invito
1381 2216 1572 2275 senatu
1598 2261 1618 2291 ‚
1645 2220 1895 2277 extorsit.

550 2295 770 2356 Veriim
809 2300 867 2355 in
912 2299 997 2356 his
1041 2299 1179 2378 ipsis
1220 2296 1587 2357 seditionibus
1622 2340 1642 2370 ‚
1695 2300 1897 2378 princi·-

632 2397 688 2434 m
776 2377 1015 2458 opulum
1057 2397 1182 2436 non
1227 2379 1518 2438 immeriti)
1568 2376 1895 2461 suspexeris-

547 2455 549 2459 ’
591 2458 710 2537 iqui
756 2477 851 2516 em
894 2478 1044 2516 nunc
1089 2458 1449 2528 libertatem,
1479 2479 1630 2519 nunc
1673 2459 1896 2541 pudici·

548 2539 687 2595 tiam
706 2581 725 2610 ‚
760 2553 882 2598 tum
906 2537 1172 2596 natalium
1207 2537 1540 2619 dignitatem
1560 2585 1578 2610 ,
1611 2541 1896 2600 honorum

551 2616 766 2676 decora
818 2619 882 2679 &
928 2618 1170 2699 insignia
1217 2619 1530 2680 vindicavit
1571 2642 1590 2692 ;
1637 2623 1894 2700 interque

550 2696 674 2756 haec
721 2700 951 2768 omnia,
994 2698 1202 2758 nullius
1244 2704 1428 2762 acrior
1459 2700 1648 2762 custos
1675 2744 1694 2773 ‚
1725 2701 1896 2782 quium

548 2774 819 2840 libertatis
864 2777 969 2868 (uit
1001 2798 1023 2855 3
1059 2778 1326 2865 nullique
1373 2785 1433 2844 in
1475 2785 1724 2866 pretium
1772 2780 1892 2860 ejus

1709 2879 1895 2946 potuit
