2067 3667
450 258 907 373 -Lzezn
1004 257 1507 394 111s141

160 441 346 503 quum
378 417 439 480 fu
480 441 577 481 am
612 421 673 480 in
701 418 953 482 Siciliam
1030 439 1252 482 ararent
1271 466 1290 497 ,
1323 443 1518 506 neque

159 503 391 584 navigia
442 519 813 583 uppeterent‚
840 519 959 562 rate
986 523 1098 584 que
1125 524 1198 564 ex
1221 504 1470 564 cratibus
1490 549 1514 579 ,

162 585 229 656 ὃς
252 581 410 643 dolia
442 603 706 642 connexa
749 584 1005 665 virgultis
1043 587 1104 643 in
1140 584 1508 666 rapidissimo

158 663 313 724 freto
339 660 542 723 frustra
574 665 968 744 experirentur
999 687 1017 739 3
1062 664 1294 724 tandem
1342 685 1510 746 erup·

160 747 321 805 tione
348 742 531 816 facia,
559 743 789 826 dignam
816 746 957 806 viris
984 745 1186 806 obiere
1222 762 1474 805 mortem
1488 766 1514 821 3

166 825 235 886 &
268 824 443 906 quod
501 820 601 885 sub
656 824 967 908 gladiatore
1020 826 1169 886 duce
1215 827 1472 906 oportuit
1492 866 1526 897 ,.

166 906 287 964 sine
346 906 625 972 missione
682 925 996 988 pugnatum
1053 905 1156 967 est.
1215 903 1514 986 Spartacus

164 984 365 1066 ipsein
388 988 579 1065 primo
604 989 829 1067 agmine
860 985 1172 1048 fortissime
1197 987 1468 1048 dimicans
1491 1027 1516 1059 ,

167 1067 332 1148 quasi
362 1067 677 1146 imperator
697 1111 717 1142 ,
758 1066 977 1128 occisus
1020 1065 1121 1128 est.

183 1189 1494 1266 ὑπεθω-

457 1317 893 1423 CAPuT
990 1317 1227 1391 xxi

205 1461 570 1518 BELLUM
626 1461 917 1514 CIVILE
973 1462 1477 1520 MARIANUM·

170 1584 287 1694 H
304 1645 405 1689 oc
438 1627 638 1690 deerat
674 1647 855 1687 unum
890 1629 1094 1710 populi
1126 1627 1377 1690 Romani
1400 1649 1518 1690 ma·

168 1710 239 1770 lis
262 1755 283 1784 ,
316 1707 435 1790 jam
480 1728 543 1770 ut
582 1706 702 1790 ipse
746 1710 895 1768 intra
928 1707 985 1768 se
1028 1709 1362 1790 parricidale
1395 1709 1516 1771 fer·-

172 1811 300 1850 rum
340 1790 505 1850 domi
540 1788 843 1871 stringeret
872 1810 893 1864 3
925 1790 990 1850 &
1026 1793 1087 1849 in
1121 1789 1284 1850 Urbe
1324 1791 1514 1852 media

171 1893 237 1932 ac
276 1869 408 1930 foro
424 1913 451 1942 ‚
489 1873 649 1950 quasi
680 1890 851 1930 arena
870 1914 894 1941 ,
927 1872 1086 1930 cives
1123 1891 1258 1931 cum
1291 1873 1516 1933 civibus

171 1951 509 2034 gladiatorio
562 1969 729 2010 more
771 1969 1192 2011 concurrerent.
1237 1951 1516 2032 AEquiore

174 2033 366 2092 animo
404 2049 714 2112 utcumque
753 2029 967 2090 ferrem
994 2075 1014 2104 ,
1055 2033 1102 2090 si
1151 2031 1362 2112 plebeii
1408 2032 1516 2092 du-

172 2133 269 2172 ces
288 2155 309 2186 ‚
356 2127 454 2172 aut
500 2113 550 2172 si
584 2110 811 2171 nobiles
833 2155 857 2182 ,
896 2111 1027 2171 mali
1066 2109 1263 2170 saltem
1282 2155 1302 2180 ,
1346 2112 1518 2172 duca·

174 2211 301 2254 tum
343 2191 539 2254 sceleri
589 2189 967 2273 praebuiss‘ent.
1006 2191 1134 2252 Jam
1167 2192 1316 2250 verb
1349 2237 1366 2262 ,
1408 2213 1516 2273 pro

177 2271 401 2334 facinus
438 2275 455 2334 Ξ
490 2273 591 2354 qui
622 2273 732 2332 viri
765 2273 782 2332 1
856 2273 917 2332 ui
948 2273 1325 2351 imperatores
1359 2273 1518 2333 lde-

176 2375 313 2424 cora
350 2354 418 2418 ὅ(
458 2371 793 2413 ornamenta
852 2352 1001 2413 eculi
1036 2350 1118 2412 sui
1147 2351 1364 2412 Marius
1396 2398 1417 2426 ‚
1449 2355 1517 2414 δι

177 2433 336 2494 Sulla
353 2477 372 2507 ‚
406 2435 663 2514 pessimo
686 2431 929 2494 facinori
951 2433 1110 2495 suam
1138 2435 1310 2493 etiam
1341 2433 1520 2529 digni-

177 2532 355 2574 tatem
374 2514 763 2595 praebuerunt.
778 2513 991 2576 Tribus
1010 2557 1031 2587 ,
1055 2530 1120 2574 ut
1137 2515 1219 2574 sic
1244 2514 1482 2574 dixerim
1495 2555 1519 2585 ‚

181 2594 459 2656 sideribus
487 2595 756 2677 agitatum
789 2593 871 2654 est
896 2616 911 2654 t
945 2597 1134 2674 primo
1169 2596 1231 2656 δι
1257 2594 1376 2656 levi
1403 2637 1423 2668 ‚
1452 2596 1520 2654 &

179 2675 419 2736 modico
438 2719 466 2749 ,
492 2674 742 2737 tumultu
775 2674 953 2754 magis
990 2673 1162 2754 quam
1198 2673 1358 2738 bello
1388 2717 1407 2745 ‚
1437 2676 1522 2732 in-

176 2773 269 2818 tra
303 2755 456 2838 ipfos
497 2775 790 2818 armorum
830 2754 1007 2818 duces
1043 2751 1375 2820 subsistente
1416 2751 1528 2838 saeg
