2067 3667
539 305 677 376 144
777 285 846 356 C.
904 291 1167 356 VELL.
1221 286 1333 356 ΡΑ
1364 302 1623 358 Tenc.

529 406 662 467 ausa
691 407 963 489 congredi
986 452 1005 482 ,
1043 423 1329 488 occupato
1362 425 1563 467 monte
1594 405 1885 480 Claudio;

499 490 850 548 ·munitione
889 488 944 548 se
985 486 1245 548 defendit
1282 510 1297 548 ε
1338 505 1395 546 at
1438 507 1506 546 ea
1544 509 1675 569 pars
1697 531 1717 561 ,
1754 509 1885 569 quae

531 569 768 629 obviam
816 569 872 636 Ie
913 567 1193 628 effuderat
1230 570 1548 640 exercitui,
1590 588 1767 650 quem
1802 569 1883 632 A.

529 645 767 708 Caecina
791 651 854 709 &
885 647 1149 708 Silvanus
1170 647 1420 708 Plautius
1454 647 1771 709 consulares
1810 668 1887 708 ex

525 726 907 788 transmarinis
959 728 1323 788 adducebant
1370 729 1683 809 provinciis
1718 773 1738 804 ‚
1776 731 1887 788 cir·

529 806 786 867 cumfusa
821 812 1077 890 quinque
1115 809 1439 890 legionibus
1478 807 1682 870 nostris
1722 811 1885 870 auxi-

529 887 769 948 liaribus
799 909 872 948 ue
897 889 961 949 &
993 892 1250 971 equitatu
1280 891 1439 970 regio
1472 887 1728 971 [quippe
1761 911 1884 949 ma·
1975 917 1980 923 ·

533 988 704 1108 (gissam
736 909 1030 1029 'phracum
1064 991 1297 1030 manum
1337 969 1557 1048 jun&us
1602 969 1883 1052 praediffis

577 1051 774 1110 ucibus
799 1049 1225 1110 Rhoemetalces
1260 1049 1521 1110 Thraciae
1558 1071 1660 1110 rex
1690 1053 1750 1110 in
1784 1052 1885 1111 ad·-

530 1128 806 1210 jutorium
839 1129 960 1210 ejus
995 1130 1136 1190 belli
1172 1130 1367 1192 secum
1402 1129 1883 1213 trahebat]'pene

533 1211 880 1270 exitiabilem
924 1212 1195 1279 omnibus
1242 1211 1468 1270 cladem
1514 1211 1719 1271 intulit.
1770 1211 1883 1273 Fu-

531 1307 658 1370 gata
683 1293 978 1372 regiorum
1009 1289 1285 1372 equestris
1310 1292 1460 1350 acies
1478 1337 1498 1365 ‚
1520 1291 1722 1374 fugatae
1744 1292 1883 1365 alae,

482 1385 490 1390 ·
531 1371 824 1430 conversae
858 1371 1129 1431 cohortes
1160 1370 1285 1430 sunt
1320 1391 1338 1431 .·
1369 1373 1521 1452 apud
1553 1375 1598 1432 si
1639 1393 1710 1448 na
1736 1380 1883 1453 quo-

529 1471 644 1530 que
691 1450 984 1532 legionum
1033 1452 1403 1533 trepidatum.
1458 1450 1571 1512 Sed
1600 1393 1883 1514 ffiomana

527 1531 709 1590 virtus
745 1532 912 1591 militi
948 1531 1077 1614 plus
1116 1553 1189 1592 eo
1222 1549 1489 1614 tempore
1528 1534 1881 1594 vindicatum

528 1611 727 1691 gloriae
746 1653 766 1684 ‚
789 1611 960 1694 quam
997 1613 1235 1674 ducibus
1255 1657 1274 1686 ‚
1305 1615 1576 1696 reliquit:
1604 1617 1702 1695 qui
1734 1614 1879 1674 mul·
1956 1681 1961 1684 .

529 1708 652 1750 tum
682 1713 716 1751 a
748 1713 912 1754 more
947 1696 1306 1774 imperatoris
1338 1693 1421 1754 sui
1456 1693 1835 1776 discrepantes
1858 1735 1879 1768 ,

527 1773 658 1832 ante
693 1773 752 1830 in
786 1773 1008 1833 hostem
1047 1775 1405 1850 inciderunt,
1436 1775 1610 1856 quam
1688 1795 1751 1835 er
1784 1795 1880 1834 ex·-
1942 1781 1958 1788 “

523 1852 847 1990 Flet-atores
867 1897 888 1924 ,
911 1854 1009 1912 ubi
1033 1853 1211 1916 hostis
1243 1853 1381 1914 effet
1397 1898 1420 1926 ‚
1447 1875 1637 1936 cogno
1664 1871 1878 1918 cerent-

559 1951 651 1990 am
697 1932 868 2012 igitur
907 1934 965 1990 in
1001 1933 1189 1993 dubiis
1234 1933 1407 1994 rebus
1443 1933 1643 1996 semeti
1688 1934 1758 1995 sae
1797 1936 1879 1996 le·

523 2013 724 2148 {iones
761 2012 1073 2072 adhortatae
1099 2058 1119 2088 ,
1152 2010 1412 2096 jugulatis
1448 2016 1519 2074 ab
1558 2017 1635 2076 ho
1689 2037 1721 2076 e
1757 2019 1881 2098 qui·-

509 2097 512 2100 ’
568 2090 763 2151 usdam
786 2094 1023 2153 tribunis
1047 2094 1296 2155 militum
1314 2139 1335 2168 ,
1366 2095 1713 2177 interempto
1737 2117 1882 2178 prae·

521 2170 675 2232 secio
701 2169 1016 2234 castrorum
1041 2220 1061 2250 ,
1092 2173 1481 2314 praefeffisgue
1509 2177 1839 2238 cohortium
1856 2221 1877 2252 ‚

411 2298 428 2304 ,
521 2273 643 2311 non
697 2255 1004 2316 incruentis
1058 2257 1373 2316 centurioni
1417 2277 1483 2314 us
1510 2301 1531 2328 ‚
1578 2277 1613 2316 e
1667 2255 1879 2334 quibus

523 2334 700 2391 etiam
750 2336 919 2414 primi
975 2337 1208 2396 ordines
1261 2335 1521 2395 cecidere
1547 2376 1567 2407 ‚
1613 2333 1875 2398 invasere

506 2410 753 2484 'hostes3
781 2434 887 2472 nec
928 2412 1229 2472 sustinuisse
1268 2416 1524 2472 contenti
1546 2459 1565 2487 ‚
1600 2419 1877 2498 perrupta

521 2511 727 2549 eorum
768 2494 888 2550 acie
916 2535 934 2562 ,
974 2513 1047 2550 ex
1087 2491 1373 2572 inspetato
1415 2492 1714 2556 victoriam
1750 2500 1876 2558 vin-

495 2571 876 2632 ·dicaverunt.
915 2569 1051 2631 Hoc
1091 2571 1211 2632 fere
1255 2589 1523 2654 tempore
1568 2575 1872 2659 Agrippa,

518 2651 618 2730 qui
652 2650 865 2711 eodem
899 2652 992 2712 die
1013 2695 1034 2726 ‚
1069 2674 1187 2735 quo
1221 2651 1492 2715 Tiberius
1516 2702 1533 2726 ,
1567 2659 1870 2738 adoptatus

514 2729 590 2791 ab
637 2747 752 2795 avo
800 2730 901 2794 suo
952 2735 1191 2798 naturali
1235 2752 1357 2798 erat
1394 2779 1412 2811 ,
1461 2737 1549 2799 δι.
1576 2735 1689 2814 jam
1732 2754 1865 2796 ante

1529 2816 1866 2892 biennium,
