<?xml version="1.0" encoding="UTF-8"?>
<!DOCTYPE html PUBLIC "-//W3C//DTD XHTML 1.0 Transitional//EN"
    "http://www.w3.org/TR/xhtml1/DTD/xhtml1-transitional.dtd">
<html xmlns="http://www.w3.org/1999/xhtml" xml:lang="en" lang="en">
 <head>
  <title>
</title>
<meta http-equiv="Content-Type" content="text/html;charset=utf-8" />
  <meta name='ocr-system' content='tesseract 3.04.00' />
  <meta name='ocr-capabilities' content='ocr_page ocr_carea ocr_par ocr_line ocrx_word'/>
</head>
<body>
  <div class='ocr_page' id='page_1' title='image "./caiivelleiipate00lallgoog_0092.png"; bbox 0 0 2067 3667; ppageno 0'>
   <div class='ocr_carea' id='block_1_1' title="bbox 491 298 1585 398">
    <p class='ocr_par' dir='ltr' id='par_1_1' title="bbox 491 298 1585 398">
     <span class='ocr_line' id='line_1_1' title="bbox 491 298 1585 398; baseline -0.005 -23"><span class='ocrx_word' id='word_1_1' title='bbox 491 324 588 396; x_wconf 89' lang='lat'>70</span> <span class='ocrx_word' id='word_1_2' title='bbox 735 303 806 371; x_wconf 88' lang='lat' dir='ltr'>C.</span> <span class='ocrx_word' id='word_1_3' title='bbox 861 303 1133 369; x_wconf 81' lang='lat' dir='ltr'><em>VELL.</em></span> <span class='ocrx_word' id='word_1_4' title='bbox 1183 298 1301 369; x_wconf 77' lang='grc' dir='ltr'>ΡΑ</span> <span class='ocrx_word' id='word_1_5' title='bbox 1326 316 1585 398; x_wconf 21' lang='lat' dir='ltr'>TER-c,</span> 
     </span>
    </p>
   </div>
   <div class='ocr_carea' id='block_1_2' title="bbox 479 415 1908 2175">
    <p class='ocr_par' dir='ltr' id='par_1_2' title="bbox 479 415 1908 2175">
     <span class='ocr_line' id='line_1_2' title="bbox 535 415 1849 491; baseline -0.002 -10"><span class='ocrx_word' id='word_1_6' title='bbox 535 440 668 481; x_wconf 85' lang='lat' dir='ltr'>uam</span> <span class='ocrx_word' id='word_1_7' title='bbox 703 442 736 480; x_wconf 90' lang='lat' dir='ltr'>a</span> <span class='ocrx_word' id='word_1_8' title='bbox 773 417 974 481; x_wconf 81' lang='lat' dir='ltr'>Paullo</span> <span class='ocrx_word' id='word_1_9' title='bbox 996 462 1020 491; x_wconf 87' lang='lat'>,</span> <span class='ocrx_word' id='word_1_10' title='bbox 1053 436 1127 479; x_wconf 81' lang='lat' dir='ltr'>ex</span> <span class='ocrx_word' id='word_1_11' title='bbox 1160 416 1445 477; x_wconf 85' lang='lat' dir='ltr'>manubiis</span> <span class='ocrx_word' id='word_1_12' title='bbox 1480 415 1686 478; x_wconf 85' lang='lat' dir='ltr'>intulit.</span> <span class='ocrx_word' id='word_1_13' title='bbox 1720 415 1849 479; x_wconf 79' lang='lat' dir='ltr'>Ab·</span> 
     </span>
     <span class='ocr_line' id='line_1_3' title="bbox 517 496 1848 583; baseline -0.002 -21"><span class='ocrx_word' id='word_1_14' title='bbox 517 522 650 562; x_wconf 87' lang='lat' dir='ltr'>ente</span> <span class='ocrx_word' id='word_1_15' title='bbox 681 500 794 561; x_wconf 90' lang='lat' dir='ltr'>Cn.</span> <span class='ocrx_word' id='word_1_16' title='bbox 824 500 1106 583; x_wconf 81' lang='lat' dir='ltr'>Pompeio</span> <span class='ocrx_word' id='word_1_17' title='bbox 1127 544 1147 573; x_wconf 91' lang='lat'>,</span> <span class='ocrx_word' id='word_1_18' title='bbox 1172 496 1251 559; x_wconf 89' lang='lat' dir='ltr'>T.</span> <span class='ocrx_word' id='word_1_19' title='bbox 1277 498 1527 580; x_wconf 83' lang='lat' dir='ltr'><strong>Ampius</strong></span> <span class='ocrx_word' id='word_1_20' title='bbox 1548 500 1615 559; x_wconf 87' lang='lat'>&amp;</span> <span class='ocrx_word' id='word_1_21' title='bbox 1637 496 1713 559; x_wconf 90' lang='lat' dir='ltr'>T.</span> <span class='ocrx_word' id='word_1_22' title='bbox 1740 498 1848 559; x_wconf 81' lang='lat' dir='ltr'>La-</span> 
     </span>
     <span class='ocr_line' id='line_1_4' title="bbox 489 580 1847 663; baseline -0.001 -20"><span class='ocrx_word' id='word_1_23' title='bbox 489 584 694 643; x_wconf 85' lang='lat' dir='ltr'>bienus</span> <span class='ocrx_word' id='word_1_24' title='bbox 735 582 946 643; x_wconf 85' lang='lat' dir='ltr'>tribuni</span> <span class='ocrx_word' id='word_1_25' title='bbox 977 580 1167 663; x_wconf 79' lang='lat' dir='ltr'>plebis</span> <span class='ocrx_word' id='word_1_26' title='bbox 1208 580 1399 662; x_wconf 86' lang='lat' dir='ltr'>legem</span> <span class='ocrx_word' id='word_1_27' title='bbox 1432 580 1689 639; x_wconf 85' lang='lat' dir='ltr'>tulerunt</span> <span class='ocrx_word' id='word_1_28' title='bbox 1711 622 1731 652; x_wconf 93' lang='lat'>,</span> <span class='ocrx_word' id='word_1_29' title='bbox 1782 596 1847 641; x_wconf 88' lang='lat' dir='ltr'>ut</span> 
     </span>
     <span class='ocr_line' id='line_1_5' title="bbox 488 661 1847 743; baseline -0.003 -18"><span class='ocrx_word' id='word_1_30' title='bbox 488 666 538 725; x_wconf 89' lang='lat' dir='ltr'>is</span> <span class='ocrx_word' id='word_1_31' title='bbox 571 664 718 724; x_wconf 84' lang='lat' dir='ltr'>ludis</span> <span class='ocrx_word' id='word_1_32' title='bbox 749 661 1126 743; x_wconf 50' lang='lat' dir='ltr'>Circensibus·</span> <span class='ocrx_word' id='word_1_33' title='bbox 1142 662 1359 721; x_wconf 66' lang='lat' dir='ltr'>corona</span> <span class='ocrx_word' id='word_1_34' title='bbox 1380 661 1551 720; x_wconf 67' lang='lat' dir='ltr'>aurea</span> <span class='ocrx_word' id='word_1_35' title='bbox 1572 704 1591 735; x_wconf 91' lang='lat'><strong>,</strong></span> <span class='ocrx_word' id='word_1_36' title='bbox 1618 661 1685 722; x_wconf 86' lang='lat'>&amp;</span> <span class='ocrx_word' id='word_1_37' title='bbox 1712 682 1847 721; x_wconf 87' lang='lat' dir='ltr'>om·-</span> 
     </span>
     <span class='ocr_line' id='line_1_6' title="bbox 490 740 1844 824; baseline -0.003 -19"><span class='ocrx_word' id='word_1_38' title='bbox 490 749 550 805; x_wconf 91' lang='lat' dir='ltr'>ni</span> <span class='ocrx_word' id='word_1_39' title='bbox 581 746 736 805; x_wconf 87' lang='lat' dir='ltr'>cultu</span> <span class='ocrx_word' id='word_1_40' title='bbox 770 743 1245 824; x_wconf 83' lang='lat' dir='ltr'><strong>triumphantium</strong></span> <span class='ocrx_word' id='word_1_41' title='bbox 1278 758 1537 803; x_wconf 87' lang='lat' dir='ltr'>uteretur</span> <span class='ocrx_word' id='word_1_42' title='bbox 1558 784 1577 815; x_wconf 90' lang='lat'><strong>,</strong></span> <span class='ocrx_word' id='word_1_43' title='bbox 1610 740 1844 802; x_wconf 82' lang='lat' dir='ltr'>scenicis</span> 
     </span>
     <span class='ocr_line' id='line_1_7' title="bbox 489 821 1842 906; baseline -0.002 -20"><span class='ocrx_word' id='word_1_44' title='bbox 489 843 682 887; x_wconf 87' lang='lat' dir='ltr'>autem</span> <span class='ocrx_word' id='word_1_45' title='bbox 717 825 988 906; x_wconf 62' lang='lat' dir='ltr'>praetexta</span> <span class='ocrx_word' id='word_1_46' title='bbox 1021 822 1353 905; x_wconf 65' lang='lat' dir='ltr'>coronaque</span> <span class='ocrx_word' id='word_1_47' title='bbox 1389 821 1599 883; x_wconf 67' lang='lat' dir='ltr'>laurea.</span> <span class='ocrx_word' id='word_1_48' title='bbox 1634 822 1705 883; x_wconf 89' lang='lat' dir='ltr'>ld</span> <span class='ocrx_word' id='word_1_49' title='bbox 1744 823 1842 883; x_wconf 86' lang='lat' dir='ltr'>ille</span> 
     </span>
     <span class='ocr_line' id='line_1_8' title="bbox 489 902 1843 989; baseline -0.002 -22"><span class='ocrx_word' id='word_1_50' title='bbox 489 926 612 967; x_wconf 87' lang='lat' dir='ltr'>non</span> <span class='ocrx_word' id='word_1_51' title='bbox 641 906 767 989; x_wconf 89' lang='lat' dir='ltr'>plus</span> <span class='ocrx_word' id='word_1_52' title='bbox 789 904 960 988; x_wconf 69' lang='lat' dir='ltr'>quam</span> <span class='ocrx_word' id='word_1_53' title='bbox 987 903 1165 965; x_wconf 86' lang='lat' dir='ltr'>semel</span> <span class='ocrx_word' id='word_1_54' title='bbox 1188 905 1297 983; x_wconf 85' lang='lat'>(&amp;</span> <span class='ocrx_word' id='word_1_55' title='bbox 1314 904 1432 963; x_wconf 82' lang='lat' dir='ltr'>hoc&#39;</span> <span class='ocrx_word' id='word_1_56' title='bbox 1449 902 1579 963; x_wconf 76' lang='lat' dir='ltr'>sane</span> <span class='ocrx_word' id='word_1_57' title='bbox 1602 905 1843 965; x_wconf 85' lang='lat' dir='ltr'>nimium</span> 
     </span>
     <span class='ocr_line' id='line_1_9' title="bbox 488 981 1844 1069; baseline -0.002 -20"><span class='ocrx_word' id='word_1_58' title='bbox 488 984 647 1069; x_wconf 82' lang='lat' dir='ltr'>fuit)</span> <span class='ocrx_word' id='word_1_59' title='bbox 671 985 952 1069; x_wconf 78' lang='lat' dir='ltr'>usurpare</span> <span class='ocrx_word' id='word_1_60' title='bbox 993 984 1263 1045; x_wconf 71' lang='lat' dir='ltr'>fustinuit.</span> <span class='ocrx_word' id='word_1_61' title='bbox 1306 981 1495 1063; x_wconf 86' lang='lat' dir='ltr'>Hujus</span> <span class='ocrx_word' id='word_1_62' title='bbox 1530 986 1642 1045; x_wconf 80' lang='lat' dir='ltr'>viri</span> <span class='ocrx_word' id='word_1_63' title='bbox 1682 983 1844 1046; x_wconf 82' lang='lat' dir='ltr'>fasti-</span> 
     </span>
     <span class='ocr_line' id='line_1_10' title="bbox 491 1064 1841 1149; baseline 0 -22"><span class='ocrx_word' id='word_1_64' title='bbox 491 1070 650 1149; x_wconf 89' lang='lat' dir='ltr'>gium</span> <span class='ocrx_word' id='word_1_65' title='bbox 687 1072 852 1127; x_wconf 89' lang='lat' dir='ltr'>tantis</span> <span class='ocrx_word' id='word_1_66' title='bbox 901 1065 1151 1127; x_wconf 62' lang='lat' dir='ltr'>austibus</span> <span class='ocrx_word' id='word_1_67' title='bbox 1195 1064 1425 1125; x_wconf 83' lang='lat' dir='ltr'>fortuna</span> <span class='ocrx_word' id='word_1_68' title='bbox 1468 1064 1675 1126; x_wconf 86' lang='lat' dir='ltr'>extulit</span> <span class='ocrx_word' id='word_1_69' title='bbox 1713 1110 1736 1139; x_wconf 89' lang='lat'>,</span> <span class='ocrx_word' id='word_1_70' title='bbox 1776 1081 1841 1129; x_wconf 82' lang='lat' dir='ltr'>ut</span> 
     </span>
     <span class='ocr_line' id='line_1_11' title="bbox 485 1144 1908 1229; baseline 0 -22"><span class='ocrx_word' id='word_1_71' title='bbox 485 1150 737 1229; x_wconf 71' lang='lat' dir='ltr'>primiim</span> <span class='ocrx_word' id='word_1_72' title='bbox 781 1168 856 1209; x_wconf 83' lang='lat' dir='ltr'>ex</span> <span class='ocrx_word' id='word_1_73' title='bbox 891 1147 1091 1209; x_wconf 85' lang='lat' dir='ltr'>Africa</span> <span class='ocrx_word' id='word_1_74' title='bbox 1130 1190 1151 1221; x_wconf 88' lang='lat'><strong>,</strong></span> <span class='ocrx_word' id='word_1_75' title='bbox 1191 1148 1402 1207; x_wconf 85' lang='lat' dir='ltr'>iterum</span> <span class='ocrx_word' id='word_1_76' title='bbox 1444 1166 1519 1207; x_wconf 86' lang='lat' dir='ltr'>ex</span> <span class='ocrx_word' id='word_1_77' title='bbox 1561 1144 1795 1229; x_wconf 73' lang='lat' dir='ltr'>Europa</span> <span class='ocrx_word' id='word_1_78' title='bbox 1817 1191 1839 1221; x_wconf 86' lang='lat'>,</span> <span class='ocrx_word' id='word_1_79' title='bbox 1902 1146 1908 1151; x_wconf 81' lang='grc'>’</span> 
     </span>
     <span class='ocr_line' id='line_1_12' title="bbox 489 1228 1841 1311; baseline -0.001 -23"><span class='ocrx_word' id='word_1_80' title='bbox 489 1230 664 1289; x_wconf 67' lang='lat' dir='ltr'>tertii)</span> <span class='ocrx_word' id='word_1_81' title='bbox 696 1250 768 1289; x_wconf 84' lang='lat' dir='ltr'>ex</span> <span class='ocrx_word' id='word_1_82' title='bbox 803 1228 947 1289; x_wconf 84' lang='lat' dir='ltr'>Asia</span> <span class='ocrx_word' id='word_1_83' title='bbox 977 1231 1147 1288; x_wconf 87' lang='lat' dir='ltr'>trium</span> <span class='ocrx_word' id='word_1_84' title='bbox 1190 1228 1349 1287; x_wconf 88' lang='lat' dir='ltr'>haret</span> <span class='ocrx_word' id='word_1_85' title='bbox 1380 1247 1399 1301; x_wconf 90' lang='lat'>;</span> <span class='ocrx_word' id='word_1_86' title='bbox 1432 1228 1499 1288; x_wconf 87' lang='lat'>&amp;</span> <span class='ocrx_word' id='word_1_87' title='bbox 1527 1243 1677 1311; x_wconf 89' lang='lat' dir='ltr'>quot</span> <span class='ocrx_word' id='word_1_88' title='bbox 1708 1248 1841 1308; x_wconf 86' lang='lat' dir='ltr'>par-</span> 
     </span>
     <span class='ocr_line' id='line_1_13' title="bbox 487 1250 1841 1381; baseline 0.001 -12"><span class='ocrx_word' id='word_1_89' title='bbox 487 1326 578 1369; x_wconf 87' lang='lat' dir='ltr'>tes</span> <span class='ocrx_word' id='word_1_90' title='bbox 619 1326 892 1369; x_wconf 86' lang='lat' dir='ltr'>terrarum</span> <span class='ocrx_word' id='word_1_91' title='bbox 939 1308 1095 1368; x_wconf 82' lang='lat' dir='ltr'>orbis</span> <span class='ocrx_word' id='word_1_92' title='bbox 1136 1250 1261 1369; x_wconf 63' lang='lat' dir='ltr'>Kint</span> <span class='ocrx_word' id='word_1_93' title='bbox 1281 1350 1301 1381; x_wconf 93' lang='lat'><strong>,</strong></span> <span class='ocrx_word' id='word_1_94' title='bbox 1337 1308 1581 1368; x_wconf 88' lang='lat' dir='ltr'>totidem</span> <span class='ocrx_word' id='word_1_95' title='bbox 1620 1306 1841 1371; x_wconf 82' lang='lat' dir='ltr'>faceret</span> 
     </span>
     <span class='ocr_line' id='line_1_14' title="bbox 486 1388 1853 1471; baseline 0 -21"><span class='ocrx_word' id='word_1_96' title='bbox 486 1392 860 1450; x_wconf 86' lang='lat' dir='ltr'>monumenta</span> <span class='ocrx_word' id='word_1_97' title='bbox 889 1388 1145 1449; x_wconf 58' lang='lat' dir='ltr'>victoriae</span> <span class='ocrx_word' id='word_1_98' title='bbox 1168 1388 1296 1450; x_wconf 83' lang='lat' dir='ltr'>suae.</span> <span class='ocrx_word' id='word_1_99' title='bbox 1324 1388 1664 1471; x_wconf 84' lang='lat' dir='ltr'><strong>Numquam</strong></span> <span class='ocrx_word' id='word_1_100' title='bbox 1692 1394 1853 1450; x_wconf 88' lang='lat' dir='ltr'>emi·-</span> 
     </span>
     <span class='ocr_line' id='line_1_15' title="bbox 485 1469 1838 1559; baseline 0.001 -30"><span class='ocrx_word' id='word_1_101' title='bbox 485 1472 682 1531; x_wconf 88' lang='lat' dir='ltr'>nentia</span> <span class='ocrx_word' id='word_1_102' title='bbox 706 1469 927 1531; x_wconf 66' lang='lat' dir='ltr'>invidia</span> <span class='ocrx_word' id='word_1_103' title='bbox 962 1486 1173 1531; x_wconf 83' lang='lat' dir='ltr'>carent.</span> <span class='ocrx_word' id='word_1_104' title='bbox 1204 1469 1402 1559; x_wconf 87' lang='lat' dir='ltr'>Itaque</span> <span class='ocrx_word' id='word_1_105' title='bbox 1430 1472 1493 1533; x_wconf 74' lang='grc' dir='ltr'>ὃ(</span> <span class='ocrx_word' id='word_1_106' title='bbox 1524 1470 1838 1545; x_wconf 76' lang='lat' dir='ltr'>Lucullus,</span> 
     </span>
     <span class='ocr_line' id='line_1_16' title="bbox 484 1550 1841 1632; baseline 0.001 -21"><span class='ocrx_word' id='word_1_107' title='bbox 484 1572 712 1611; x_wconf 86' lang='lat' dir='ltr'>memor</span> <span class='ocrx_word' id='word_1_108' title='bbox 743 1568 938 1611; x_wconf 86' lang='lat' dir='ltr'>tamen</span> <span class='ocrx_word' id='word_1_109' title='bbox 961 1566 1213 1632; x_wconf 84' lang='lat' dir='ltr'>acceptae</span> <span class='ocrx_word' id='word_1_110' title='bbox 1248 1552 1469 1631; x_wconf 70' lang='lat' dir='ltr'>injuriae</span> <span class='ocrx_word' id='word_1_111' title='bbox 1487 1594 1507 1623; x_wconf 90' lang='lat'>,</span> <span class='ocrx_word' id='word_1_112' title='bbox 1535 1552 1601 1611; x_wconf 86' lang='lat'>&amp;</span> <span class='ocrx_word' id='word_1_113' title='bbox 1624 1550 1841 1612; x_wconf 85' lang='lat' dir='ltr'>Metel·</span> 
     </span>
     <span class='ocr_line' id='line_1_17' title="bbox 483 1628 1835 1771; baseline 0.002 -80"><span class='ocrx_word' id='word_1_114' title='bbox 483 1632 573 1691; x_wconf 82' lang='lat' dir='ltr'>lus</span> <span class='ocrx_word' id='word_1_115' title='bbox 595 1629 854 1693; x_wconf 86' lang='lat' dir='ltr'>Creticus</span> <span class='ocrx_word' id='word_1_116' title='bbox 873 1678 896 1708; x_wconf 82' lang='lat'>,</span> <span class='ocrx_word' id='word_1_117' title='bbox 925 1646 1045 1692; x_wconf 83' lang='lat' dir='ltr'>non</span> <span class='ocrx_word' id='word_1_118' title='bbox 1066 1629 1272 1771; x_wconf 41' lang='lat' dir='ltr'>inguste</span> <span class='ocrx_word' id='word_1_119' title='bbox 1306 1650 1552 1713; x_wconf 86' lang='lat' dir='ltr'>querens</span> <span class='ocrx_word' id='word_1_120' title='bbox 1572 1628 1601 1713; x_wconf 87' lang='lat'>(</span> <span class='ocrx_word' id='word_1_121' title='bbox 1619 1636 1835 1715; x_wconf 87' lang='lat' dir='ltr'>quippe</span> 
     </span>
     <span class='ocr_line' id='line_1_18' title="bbox 483 1710 1835 1793; baseline 0.001 -21"><span class='ocrx_word' id='word_1_122' title='bbox 483 1730 884 1774; x_wconf 88' lang='lat' dir='ltr'>ornamentum</span> <span class='ocrx_word' id='word_1_123' title='bbox 909 1715 1122 1793; x_wconf 85' lang='lat' dir='ltr'>triump</span> <span class='ocrx_word' id='word_1_124' title='bbox 1164 1714 1184 1771; x_wconf 88' lang='lat' dir='ltr'>i</span> <span class='ocrx_word' id='word_1_125' title='bbox 1214 1710 1337 1793; x_wconf 75' lang='lat' dir='ltr'>ejus</span> <span class='ocrx_word' id='word_1_126' title='bbox 1370 1715 1633 1793; x_wconf 85' lang='lat' dir='ltr'>captivos</span> <span class='ocrx_word' id='word_1_127' title='bbox 1656 1712 1835 1774; x_wconf 83' lang='lat' dir='ltr'>duces</span> 
     </span>
     <span class='ocr_line' id='line_1_19' title="bbox 482 1790 1835 1877; baseline 0.001 -24"><span class='ocrx_word' id='word_1_128' title='bbox 482 1792 794 1875; x_wconf 85' lang='lat' dir='ltr'>Pompeius</span> <span class='ocrx_word' id='word_1_129' title='bbox 851 1790 1247 1875; x_wconf 86' lang='lat' dir='ltr'>subduxerat)</span> <span class='ocrx_word' id='word_1_130' title='bbox 1288 1794 1353 1854; x_wconf 90' lang='lat'>&amp;</span> <span class='ocrx_word' id='word_1_131' title='bbox 1398 1814 1531 1853; x_wconf 89' lang='lat' dir='ltr'>cum</span> <span class='ocrx_word' id='word_1_132' title='bbox 1578 1794 1649 1853; x_wconf 87' lang='lat' dir='ltr'>iis</span> <span class='ocrx_word' id='word_1_133' title='bbox 1700 1816 1835 1877; x_wconf 84' lang='lat' dir='ltr'>pars</span> 
     </span>
     <span class='ocr_line' id='line_1_20' title="bbox 481 1872 1837 1955; baseline 0.001 -22"><span class='ocrx_word' id='word_1_134' title='bbox 481 1876 843 1955; x_wconf 80' lang='lat' dir='ltr'>optimatium</span> <span class='ocrx_word' id='word_1_135' title='bbox 873 1872 1257 1955; x_wconf 82' lang='lat' dir='ltr'>refragabatur</span> <span class='ocrx_word' id='word_1_136' title='bbox 1282 1917 1301 1947; x_wconf 91' lang='lat'><strong>,</strong></span> <span class='ocrx_word' id='word_1_137' title='bbox 1332 1894 1407 1935; x_wconf 91' lang='lat' dir='ltr'>ne</span> <span class='ocrx_word' id='word_1_138' title='bbox 1442 1890 1541 1935; x_wconf 88' lang='lat' dir='ltr'>aut</span> <span class='ocrx_word' id='word_1_139' title='bbox 1562 1874 1837 1955; x_wconf 80' lang='lat' dir='ltr'>promiss&#39;a</span> 
     </span>
     <span class='ocr_line' id='line_1_21' title="bbox 481 1952 1833 2036; baseline 0.003 -23"><span class='ocrx_word' id='word_1_140' title='bbox 481 1954 812 2013; x_wconf 80' lang='lat' dir='ltr'>civitatibus</span> <span class='ocrx_word' id='word_1_141' title='bbox 850 1972 886 2012; x_wconf 85' lang='lat' dir='ltr'>a</span> <span class='ocrx_word' id='word_1_142' title='bbox 928 1952 1211 2036; x_wconf 87' lang='lat' dir='ltr'>Pompeio</span> <span class='ocrx_word' id='word_1_143' title='bbox 1250 1999 1268 2027; x_wconf 92' lang='lat'>,</span> <span class='ocrx_word' id='word_1_144' title='bbox 1310 1972 1407 2015; x_wconf 88' lang='lat' dir='ltr'>aut</span> <span class='ocrx_word' id='word_1_145' title='bbox 1454 1952 1833 2017; x_wconf 84' lang='lat' dir='ltr'>benemeritis</span> 
     </span>
     <span class='ocr_line' id='line_1_22' title="bbox 481 2033 1834 2118; baseline 0.004 -26"><span class='ocrx_word' id='word_1_146' title='bbox 481 2035 716 2117; x_wconf 80' lang='lat' dir='ltr'>praemia</span> <span class='ocrx_word' id='word_1_147' title='bbox 739 2078 758 2108; x_wconf 90' lang='lat'>‚</span> <span class='ocrx_word' id='word_1_148' title='bbox 791 2034 864 2093; x_wconf 86' lang='lat' dir='ltr'>ad</span> <span class='ocrx_word' id='word_1_149' title='bbox 897 2033 1193 2096; x_wconf 83' lang='lat' dir='ltr'>arbitrium</span> <span class='ocrx_word' id='word_1_150' title='bbox 1228 2033 1349 2116; x_wconf 84' lang='lat' dir='ltr'>ejus</span> <span class='ocrx_word' id='word_1_151' title='bbox 1374 2081 1393 2106; x_wconf 89' lang='lat'><strong>,</strong></span> <span class='ocrx_word' id='word_1_152' title='bbox 1430 2035 1834 2118; x_wconf 87' lang='lat' dir='ltr'>persolveren-</span> 
     </span>
     <span class='ocr_line' id='line_1_23' title="bbox 479 2132 592 2175; baseline 0 0"><span class='ocrx_word' id='word_1_153' title='bbox 479 2132 592 2175; x_wconf 84' lang='lat' dir='ltr'>tur.</span> 
     </span>
    </p>
   </div>
   <div class='ocr_carea' id='block_1_3' title="bbox 463 2192 1829 2845">
    <p class='ocr_par' dir='ltr' id='par_1_3' title="bbox 463 2192 1829 2845">
     <span class='ocr_line' id='line_1_24' title="bbox 561 2192 1827 2275; baseline 0.004 -20"><span class='ocrx_word' id='word_1_154' title='bbox 561 2193 725 2255; x_wconf 87' lang='lat' dir='ltr'><strong>XLI.</strong></span> <span class='ocrx_word' id='word_1_155' title='bbox 767 2192 1004 2275; x_wconf 61' lang='lat' dir='ltr'>Secutus</span> <span class='ocrx_word' id='word_1_156' title='bbox 1021 2195 1245 2257; x_wconf 86' lang='lat' dir='ltr'>-deinde</span> <span class='ocrx_word' id='word_1_157' title='bbox 1278 2194 1369 2257; x_wconf 83' lang='lat' dir='ltr'>est</span> <span class='ocrx_word' id='word_1_158' title='bbox 1406 2196 1730 2259; x_wconf 82' lang='lat' dir='ltr'>consulatus</span> <span class='ocrx_word' id='word_1_159' title='bbox 1751 2197 1827 2260; x_wconf 87' lang='lat' dir='ltr'>C.</span> 
     </span>
     <span class='ocr_line' id='line_1_25' title="bbox 479 2274 1829 2358; baseline 0.004 -21"><span class='ocrx_word' id='word_1_160' title='bbox 479 2274 714 2337; x_wconf 77' lang='lat' dir='ltr'>Caesaris</span> <span class='ocrx_word' id='word_1_161' title='bbox 740 2322 760 2350; x_wconf 86' lang='lat'>,</span> <span class='ocrx_word' id='word_1_162' title='bbox 797 2279 895 2358; x_wconf 84' lang='lat' dir='ltr'>qui</span> <span class='ocrx_word' id='word_1_163' title='bbox 934 2276 1199 2338; x_wconf 87' lang='lat' dir='ltr'>scribenti</span> <span class='ocrx_word' id='word_1_164' title='bbox 1235 2298 1467 2337; x_wconf 81' lang='lat' dir='ltr'>manum</span> <span class='ocrx_word' id='word_1_165' title='bbox 1500 2276 1724 2357; x_wconf 75' lang='lat' dir='ltr'>injicit,</span> <span class='ocrx_word' id='word_1_166' title='bbox 1762 2282 1829 2342; x_wconf 72' lang='grc' dir='ltr'>δε</span> 
     </span>
     <span class='ocr_line' id='line_1_26' title="bbox 480 2356 1827 2443; baseline 0.004 -28"><span class='ocrx_word' id='word_1_167' title='bbox 480 2358 794 2437; x_wconf 81' lang='lat' dir='ltr'>quamlibet</span> <span class='ocrx_word' id='word_1_168' title='bbox 830 2356 1189 2417; x_wconf 86' lang='lat' dir='ltr'>festinantem</span> <span class='ocrx_word' id='word_1_169' title='bbox 1223 2360 1282 2417; x_wconf 90' lang='lat' dir='ltr'>in</span> <span class='ocrx_word' id='word_1_170' title='bbox 1320 2357 1375 2418; x_wconf 85' lang='lat' dir='ltr'>se</span> <span class='ocrx_word' id='word_1_171' title='bbox 1406 2362 1617 2419; x_wconf 82' lang='lat' dir='ltr'>morari</span> <span class='ocrx_word' id='word_1_172' title='bbox 1650 2364 1827 2443; x_wconf 85' lang='lat' dir='ltr'>cogit.</span> 
     </span>
     <span class='ocr_line' id='line_1_27' title="bbox 479 2436 1825 2521; baseline 0.004 -26"><span class='ocrx_word' id='word_1_173' title='bbox 479 2436 592 2496; x_wconf 80' lang='lat' dir='ltr'>Hic</span> <span class='ocrx_word' id='word_1_174' title='bbox 627 2438 982 2497; x_wconf 59' lang='lat' dir='ltr'>nobilissima</span> <span class='ocrx_word' id='word_1_175' title='bbox 1014 2436 1295 2499; x_wconf 80' lang='lat' dir='ltr'>Iuliorum</span> <span class='ocrx_word' id='word_1_176' title='bbox 1328 2444 1549 2521; x_wconf 86' lang='lat' dir='ltr'>genitus</span> <span class='ocrx_word' id='word_1_177' title='bbox 1580 2440 1825 2517; x_wconf 57' lang='lat' dir='ltr'>familia,</span> 
     </span>
     <span class='ocr_line' id='line_1_28' title="bbox 477 2518 1829 2603; baseline 0.004 -26"><span class='ocrx_word' id='word_1_178' title='bbox 477 2518 544 2577; x_wconf 87' lang='lat'>&amp;</span> <span class='ocrx_word' id='word_1_179' title='bbox 583 2518 740 2597; x_wconf 90' lang='lat' dir='ltr'>quod</span> <span class='ocrx_word' id='word_1_180' title='bbox 773 2520 920 2577; x_wconf 85' lang='lat' dir='ltr'>inter</span> <span class='ocrx_word' id='word_1_181' title='bbox 955 2538 1162 2579; x_wconf 86' lang='lat' dir='ltr'>omnes</span> <span class='ocrx_word' id='word_1_182' title='bbox 1208 2523 1627 2603; x_wconf 82' lang='lat' dir='ltr'>antiquissimos</span> <span class='ocrx_word' id='word_1_183' title='bbox 1676 2544 1829 2582; x_wconf 88' lang='lat' dir='ltr'>con-</span> 
     </span>
     <span class='ocr_line' id='line_1_29' title="bbox 475 2595 1825 2671; baseline 0.004 -14"><span class='ocrx_word' id='word_1_184' title='bbox 475 2595 654 2657; x_wconf 85' lang='lat' dir='ltr'>stabat</span> <span class='ocrx_word' id='word_1_185' title='bbox 690 2642 710 2671; x_wconf 91' lang='lat'>‚</span> <span class='ocrx_word' id='word_1_186' title='bbox 753 2599 824 2657; x_wconf 89' lang='lat' dir='ltr'>ab</span> <span class='ocrx_word' id='word_1_187' title='bbox 862 2598 1113 2659; x_wconf 78' lang='lat' dir='ltr'>Anchise</span> <span class='ocrx_word' id='word_1_188' title='bbox 1154 2620 1220 2660; x_wconf 90' lang='lat' dir='ltr'>ac</span> <span class='ocrx_word' id='word_1_189' title='bbox 1250 2600 1483 2663; x_wconf 86' lang='lat' dir='ltr'>Venere</span> <span class='ocrx_word' id='word_1_190' title='bbox 1532 2603 1825 2663; x_wconf 83' lang='lat' dir='ltr'>deducens</span> 
     </span>
     <span class='ocr_line' id='line_1_30' title="bbox 476 2678 1825 2760; baseline 0.007 -25"><span class='ocrx_word' id='word_1_191' title='bbox 476 2696 654 2760; x_wconf 84' lang='lat' dir='ltr'>genus</span> <span class='ocrx_word' id='word_1_192' title='bbox 687 2724 704 2749; x_wconf 90' lang='lat'><strong><em>,</em></strong></span> <span class='ocrx_word' id='word_1_193' title='bbox 739 2678 924 2739; x_wconf 58' lang='lat' dir='ltr'>forma</span> <span class='ocrx_word' id='word_1_194' title='bbox 967 2682 1229 2741; x_wconf 87' lang='lat' dir='ltr'>omnium</span> <span class='ocrx_word' id='word_1_195' title='bbox 1270 2684 1485 2743; x_wconf 84' lang='lat' dir='ltr'>civium</span> <span class='ocrx_word' id='word_1_196' title='bbox 1530 2684 1825 2744; x_wconf 77' lang='lat' dir='ltr'>excellen-</span> 
     </span>
     <span class='ocr_line' id='line_1_31' title="bbox 463 2759 1828 2845; baseline 0.004 -26"><span class='ocrx_word' id='word_1_197' title='bbox 463 2759 722 2821; x_wconf 80' lang='lat' dir='ltr'>tissimus</span> <span class='ocrx_word' id='word_1_198' title='bbox 749 2805 768 2835; x_wconf 93' lang='lat'>‚</span> <span class='ocrx_word' id='word_1_199' title='bbox 796 2762 1000 2845; x_wconf 83' lang='lat' dir='ltr'>vigore</span> <span class='ocrx_word' id='word_1_200' title='bbox 1039 2764 1213 2825; x_wconf 86' lang='lat' dir='ltr'>animi</span> <span class='ocrx_word' id='word_1_201' title='bbox 1250 2766 1555 2825; x_wconf 75' lang='lat' dir='ltr'>acerrimus</span> <span class='ocrx_word' id='word_1_202' title='bbox 1577 2808 1599 2840; x_wconf 90' lang='lat'><strong>,</strong></span> <span class='ocrx_word' id='word_1_203' title='bbox 1630 2767 1828 2826; x_wconf 86' lang='lat' dir='ltr'>muni-</span> 
     </span>
    </p>
   </div>
  </div>
 </body>
</html>
