2067 3667
550 307 683 355 122
799 283 871 351 C.
930 285 1189 351 VELL.
1240 280 1651 355 PATERC.

538 400 656 463 Cn'.
682 398 986 482 Scipione,
1021 397 1278 459 Africani
1310 416 1515 479 patruo
1538 420 1557 470 ;
1582 419 1686 479 per
1712 418 1892 459 annos

524 483 826 543 ducentos
857 483 919 539 in
940 482 1028 539 his
1055 479 1242 540 multo
1268 497 1582 559 mutuoque
1608 482 1687 537 ita
1712 497 1897 539 certa-

541 579 670 623 tum
700 560 781 622 est
802 561 1065 643 sanguine
1088 604 1106 629 ,
1132 577 1197 621 ut
1216 561 1433 619 amissis
1500 582 1537 619 o
1583 560 1659 619 uli
1682 560 1898 619 Roma-

537 645 602 702 ni
633 661 719 703 tot
745 640 1189 721 imperatoribus
1222 582 1708 721 exercitifiufquffi
1744 639 1899 720 saepe

537 725 929 795 contumelia,
965 723 1141 783 etiam
1182 741 1621 803 nonnumquam
1663 722 1899 801 pericu-

537 804 662 866 lum
683 802 954 863 Romano
981 800 1284 864 inferretur
1306 803 1571 882 imperio.
1595 798 1715 861 111ae
1738 801 1898 861 enim

539 886 860 967 provinciae
899 880 1196 963 Scipiones
1228 880 1697 963 consumpserunt
1724 903 1745 955 ;
1778 881 1894 941 illae

537 962 966 1027 contumelioso
1011 964 1215 1043 viginti
1258 983 1542 1025 annorum
1584 961 1895 1036 bellosuh

542 1046 694 1105 duc-e
735 1044 1002 1103 Viriatho
1051 1041 1299 1123 majores
1346 1040 1571 1103 nostros
1618 1063 1898 1103 exercue-

547 1142 678 1197 runt
707 1146 728 1199 3
756 1126 866 1186 illae
889 1169 910 1200 ,
943 1142 1165 1191 terrore
1202 1124 1535 1184 Numantini
1567 1124 1751 1195 belli,
1784 1144 1899 1203 po-

541 1206 746 1287 pulum
795 1206 1126 1266 Romanum
1175 1204 1569 1267 concusserunt
1614 1226 1629 1267 z
1677 1206 1737 1263 in
1786 1204 1897 1264 inis

547 1306 714 1367 turpe
739 1284 824 1363 Q.
848 1284 1109 1367 Pompeii
1131 1283 1317 1345 foedus
1335 1329 1355 1359 ,
1379 1282 1703 1365 turpiusque
1734 1283 1901 1345 Man-

545 1368 662 1427 cini
703 1410 724 1439 ‚
767 1364 988 1431 senatus
1040 1386 1169 1427 cum
1213 1368 1521 1446 ignominia
1565 1364 1745 1427 dediti
1784 1368 1898 1425 im-

551 1448 827 1527 peratoris
895 1444 1119 1508 rescidit
1164 1467 1181 1505 :
1228 1446 1323 1505 illa
1374 1462 1463 1506 tot
1514 1444 1835 1507 consulares
1874 1490 1896 1519 ,

548 1541 638 1587 tot
677 1528 976 1606 praetorios
1017 1524 1326 1607 absumpsit
1366 1525 1541 1586 duces
1574 1548 1593 1601 ;
1635 1544 1899 1607 patrum-

551 1628 665 1687 que
718 1624 883 1671 aetate
913 1649 933 1683 ,
979 1606 1039 1666 in
1088 1624 1309 1666 tantum
1354 1604 1671 1667 Sertorium
1726 1609 1898 1667 armis

551 1686 753 1750 extulit
781 1732 800 1761 ,
843 1705 906 1750 ut
950 1707 1053 1768 per
1104 1689 1557 1769 quinquennium
1601 1684 1899 1765 dijudicari

550 1788 670 1828 non
710 1770 962 1847 potuerit
983 1812 1002 1841 ‚
1038 1766 1302 1847 Hispanis
1338 1766 1684 1827 Romanisne
1713 1770 1773 1827 in
1810 1788 1899 1827 ar-

552 1850 662 1907 mis
709 1848 836 1927 plus
877 1846 1014 1907 ess'et
1055 1847 1278 1917 roboris
1316 1889 1334 1915 ‚
1380 1848 1443 1909 &
1485 1864 1611 1907 uter
1647 1848 1895 1928 populus

555 1927 1030 2007 alteripariturus
1072 1925 1241 1993 foret.
1285 1924 1407 1985 Has
1443 1928 1614 2007 igitur
1656 1930 1900 2008 provin-

553 2010 670 2067 cias
709 2025 826 2069 tam
865 2004 1095 2075 diffusas
1134 2049 1154 2079 ,
1190 2022 1305 2067 tam
1349 2004 1679 2087 frequentes
1713 2054 1733 2081 ‚
1776 2026 1897 2069 tam
1980 2081 1983 2083 v

553 2086 702 2149 feras
741 2088 815 2149 ad
851 2108 977 2151 eam
1015 2106 1221 2168 pacem
1256 2086 1461 2147 abhinc
1495 2107 1677 2149 annos
1713 2088 1897 2149 ferm&
1976 2084 1983 2102 '

557 2170 970 2249 quinquaginta
1009 2166 1277 2260 perduxit
1323 2164 1510 2228 Caesar
1557 2166 1846 2249 Augustus
1876 2213 1899 2243 ‚

555 2267 622 2307 ut
645 2292 663 2321 ,
698 2269 826 2328 quae
876 2248 1137 2310 maxtmis
1172 2247 1339 2310 bellis
1374 2268 1683 2329 numquam
1726 2268 1897 2307 vaca-

555 2344 760 2388 verant
783 2372 804 2402 ,
849 2348 932 2387 eae
970 2324 1071 2389 sub
1115 2324 1187 2387 C.
1232 2326 1483 2390 Antistio
1512 2372 1531 2401 ,
1573 2349 1637 2387 ac
1684 2327 1896 2389 deinde

554 2406 620 2469 P.
664 2404 804 2467 Silio
845 2408 1034 2487 legato
1078 2405 1389 2492 ceterisque
1430 2404 1679 2491 postea',
1719 2410 1897 2469 etiam

553 2489 862 2555 latrociniis
893 2504 1179 2549 vacarent.

637 2564 798 2627 XCI.
823 2566 984 2627 Dum
1003 2587 1234 2649 pacatur
1252 2566 1546 2635 Occidens
1560 2612 1579 2641 ,
1596 2569 1669 2632 ab
1690 2566 1899 2631 Orien-

400 2722 408 2732 .
486 2675 490 2679 ·
558 2662 616 2706 te
643 2668 706 2707 ac
739 2668 871 2730 rege
897 2647 1234 2715 Parthorum
1258 2652 1417 2730 signa
1441 2649 1702 2711 Romana
1723 2693 1742 2724 ,
1768 2670 1897 2730 quae

553 2724 756 2791 Crasso
807 2726 1077 2811 oppresso
1132 2726 1369 2797 Orodes
1400 2776 1419 2805 ,
1466 2752 1595 2813 qua
1633 2731 1896 2797 Antonio
