2067 3667
565 258 844 329 HJST.
889 249 1203 330 'Lmen
1252 246 1359 331 ΙῙ.
1524 242 1617 332 61-

245 372 652 458 ·adversarium
685 380 998 439 voluntatis
1033 377 1147 439 suae
1177 400 1325 445 vero
1360 377 1623 441 testimo-

247 460 370 519 nio
385 457 646 518 fraudare
665 459 870 519 noluit.
888 458 1000 520 Per
1017 460 1175 520 idem
1195 466 1421 543 tempus
1446 459 1623 523 Cotta

253 536 558 619 judicandi
586 560 793 599 munus
811 584 836 611 ,
855 540 1016 621 quod
1044 538 1117 602 C.
1142 540 1436 606 Gracchus
1460 562 1624 621 erep-

255 636 394 679 tum
426 617 640 679 senatui
682 621 755 679 ad
791 622 1054 701 equita,
1089 618 1247 682 Sulla
1280 622 1353 681 ab
1396 621 1505 681 illis
1542 623 1619 682 ad

253 698 522 778 senatum
584 699 982 761 transtulerant
1022 745 1043 775 ‚
1116 702 1407 785 aequaliter
1442 704 1623 775 ‚inter

243 796 572 861 utrumque
604 780 871 841 ordinem
904 784 1143 864 partitus
1182 780 1264 843 est
1296 804 1317 857 3
1352 784 1418 845 &
1447 780 1621 844 Otho

255 858 507 921 Roscius
539 856 666 943 lege
693 860 789 921 sua
830 863 1111 944 equitibus
1146 864 1207 922 in
1242 862 1465 925 theatro
1490 858 1623 942 loca

258 940 523 1001 restituit.
552 938 634 1002 At
659 938 770 1003 Cn.
790 941 1107 1023 Pompeius
1130 988 1151 1017 ‚
1180 944 1373 1004 multis
1396 945 1461 1005 δι
1476 964 1621 1024 prae-

261 1022 434 1082 claris
451 1024 588 1084 viris
612 1024 671 1081 in
695 1024 756 1083 id
775 1023 996 1083 bellum
1025 1022 1309 1103 assumptis
1329 1070 1347 1099 ,
1365 1022 1623 1105 ‘descrip-

259 1120 448 1183 toque
490 1105 548 1161 in
595 1123 800 1163 omnes
845 1100 1089 1163 recessus
1132 1106 1305 1163 maris
1352 1105 1621 1184 praesidio

260 1185 504 1245 navium
527 1226 547 1256 ,
569 1183 770 1255 brevi,
802 1182 1243 1266 inexsuperabili
1266 1205 1436 1243 manu
1462 1230 1482 1260 ,
1506 1202 1625 1245 ter-

261 1284 459 1323 rarum
491 1264 696 1325 orbern
728 1264 992 1325 liberavit
1011 1311 1030 1335 ‚
1063 1262 1476 1345 praedonesque
1514 1286 1623 1347 per

259 1344 452 1405 multa
497 1344 704 1426 proelia
746 1344 940 1405 multis
993 1345 1146 1421 locis,
1190 1344 1377 1405 victos
1405 1390 1423 1419 ‚
1468 1348 1622 1407 circa

261 1422 536 1485 Ciliciam
557 1422 720 1485 classe
741 1445 810 1507 ag
850 1422 1022 1485 reffus
1044 1470 1065 1499 ‚
1093 1423 1241 1485 fudit
1265 1448 1332 1485 ac
1358 1424 1421 1485 fu
1460 1429 1621 1502 avit3

263 1506 338 1567 &
368 1506 482 1587 quo
511 1507 786 1566 maturius
862 1506 1038 1565 ellum
1064 1523 1181 1565 tam
1210 1506 1320 1567 late
1354 1506 1413 1565 di
1499 1506 1625 1585 sum

261 1584 583 1647 conficeret
603 1632 624 1660 ‚
651 1586 913 1668 reliquias
951 1608 1153 1647 eorum
1188 1585 1499 1646 conti-acias
1521 1630 1541 1657 ,
1562 1587 1625 1647 in

261 1666 509 1727 urbibus
541 1684 887 1747 remotoque
920 1687 952 1724 a
985 1669 1132 1726 mari
1160 1664 1294 1726 loco
1320 1712 1337 1737 ,
1372 1668 1437 1725 in
1467 1683 1625 1727 certa

261 1746 409 1807 sede
459 1746 762 1807 constituit.
810 1745 954 1806 Sunt
1005 1749 1103 1829 qui
1146 1747 1295 1806 hunc
1347 1751 1623 1827 carpant}

260 1826 368 1888 sed
391 1848 731 1909 quamquam
753 1830 812 1887 in
835 1826 1061 1887 auctore
1087 1826 1211 1887 satis
1237 1828 1471 1887 rationis
1498 1824 1623 1903 est',

259 1925 461 1969 tamen
495 1910 642 1969 ratio
674 1908 990 1991 quemlibet
1021 1928 1291 1991 magnum
1326 1906 1621 1969 auctorem

261 1988 518 2049 faceret:
546 1988 676 2049 data
709 1994 864 2050 enirn
893 1988 1161 2050 facultate
1194 1991 1315 2049 sine
1346 2006 1510 2069 rapto
1538 1992 1623 2053 vi·

263 2070 488 2143 vendi,
518 2092 581 2129 ra
621 2072 724 2130 inis
757 2072 957 2131 arcuit.
1094 2068 1109 2073 “

351 2148 543 2211 ΧΧΧ
629 2149 675 2212 I.
718 2150 926 2230 Quum
961 2148 1099 2211 esset
1138 2152 1199 2209 in
1238 2147 1354 2209 fine
1400 2147 1623 2209 bellum

260 2229 570 2293 Pii-aticum
591 2277 614 2305 ‚
647 2253 822 2312 quum
847 2232 910 2292 &
927 2230 990 2291 L.
1011 2231 1281 2291 Lucullus
1312 2228 1453 2311 (qui
1490 2246 1625 2289 ante

263 2311 492 2391 septem
518 2333 696 2373 annos
719 2333 792 2372 ex
817 2309 1107 2373 consulatu
1133 2310 1356 2372 sortitus
1376 2308 1621 2391 Asiam,

265 2390 589 2452 Mithridati
629 2394 932 2474 oppositus
977 2408 1096 2451 erat
1116 2434 1137 2461 ,
1174 2388 1517 2472 magnasque
1556 2412 1623 2451 ac

267 2473 674 2534 memorabiles
707 2472 906 2534 resibi
978 2470 1209 2541 efferat,
1246 2469 1625 2531 Mithridaten

267 2552 422 2633 saepe
460 2552 652 2613 multis
688 2552 832 2614 locis
865 2492 1133 2623 sufferat,
1173 2550 1403 2634 egregia
1440 2548 1625 2631 Cyzi-

265 2653 408 2695 cum
447 2633 712 2694 liberarat
753 2632 994 2693 victoria
1015 2678 1034 2707 ‚
1084 2630 1376 2713 Tigranen
1420 2652 1625 2713 regum

265 2715 588 2777 maximum
625 2716 684 2775 in
716 2712 1014 2778 ,Armenia⁴
1031 2715 1251 2779 vicerat
1277 2756 1297 2788 ,
1335 2712 1627 2773 ultimam-
