2067 3667
509 256 608 353 46
758 262 828 332 C.
889 266 1156 332 νει-ιι.
1206 208 1621 332 PAr-Enc.

513 374 548 443 ⁸e
579 401 830 445 carcere.
861 379 1021 440 Tum
1053 380 1211 441 cives
1232 422 1252 452 ,
1278 378 1351 439 ab
1378 377 1543 439 hoste
1566 423 1589 453 ‚
1608 376 1869 440 misereri

513 463 688 545 paulo
737 462 866 521 ante
917 462 1189 543 principis
1226 462 1340 521 viri
1382 458 1535 521 doffl
1554 506 1580 533 ,
1621 458 1869 521 instruc·

513 561 639 603 tum
675 564 811 603 eum
841 544 1052 602 viatico
1090 539 1417 622 collataque
1447 540 1611 601 veste
1632 586 1653 617 ,
1682 544 1739 601 in
1771 563 1869 603 na÷

512 644 652 683 vem
689 620 1101 704 imposuerunt.
1123 620 1209 682 At
1232 622 1329 682 ille
1350 664 1370 694 ,
1406 620 1679 683 affecutus
1716 624 1871 682 circa

511 704 802 763 AEnariam
833 702 1012 763 filium
1030 749 1050 778 ,
1077 700 1302 763 cursum
1332 705 1391 761 in
1418 701 1679 763 Africam
1710 704 1871 763 dire-

511 786 596 845 xit
632 806 652 859 ;
687 785 1038 866 inopemque
1082 785 1263 863 vitam
1298 784 1359 842 in
1404 786 1633 866 tugurio
1674 785 1869 843 ruina-

511 885 641 924 rum
683 862 1238 947 Carthaginiensium
1293 863 1565 925 toleravit
1614 884 1631 923 z
1686 885 1870 946 quum

509 942 731 1006 Marius
749 942 1022 1028 aspiciens
1047 942 1453 1027 Carthaginem
1472 990 1492 1020 ‚
1521 944 1616 1004 illa
1635 945 1868 1005 intuens

511 1024 769 1086 Marium
793 1070 818 1097 ,
851 1026 992 1085 alter
1033 1026 1198 1085 alteri
1232 1023 1455 1107 possent
1491 1023 1604 1086 effe
1638 1023 1868 1087 solatio.

593 1106 742 1183 XX.
783 1106 916 1167 Hoc
939 1108 1189 1189 primum
1212 1107 1364 1166 anno
1382 1151 1403 1181 ‚
1436 1104 1702 1189 sanguine
1726 1127 1871 1167 con-

511 1187 642 1247 sulis
672 1188 924 1248 Romani
961 1189 1154 1247 militis
1197 1186 1431 1246 imbutae
1468 1208 1669 1255 manus
1699 1185 1864 1249 sunt:

509 1272 726 1348 quippe
763 1268 1075 1349 Pompeius
1106 1268 1332 1349 collega
1361 1266 1529 1327 Sullae
1548 1312 1569 1341 ‚
1604 1268 1675 1327 ab
1706 1288 1868 1327 exer·

508 1350 626 1407 citu
664 1345 778 1408 Cn.
815 1346 1077 1429 Pompeii
1105 1344 1461 1429 proconsulis
1482 1392 1501 1421 ‚
1541 1346 1823 1408 seditione
1845 1394 1866 1424 ‚

507 1426 609 1487 sed
649 1447 821 1509 quam
859 1428 977 1487 dux
1021 1446 1359 1503 creaverat,
1394 1426 1721 1488 interfec'rus
1762 1428 1867 1491 est.

509 1505 652 1568 Non
693 1526 814 1569 erat
853 1508 1044 1568 Mario
1085 1507 1453 1591 Sulpicioque
1488 1506 1676 1569 Cinna
1719 1528 1869 1569 tem-

505 1591 759 1670 peratior
803 1612 817 1650 :
860 1592 1053 1671 itaque
1136 1610 1274 1649 uum
1311 1591 1390 1649 ita
1442 1591 1641 1649 civitas
1682 1588 1863 1651 Italiae

513 1670 646 1729 data
673 1668 848 1740 esset,
869 1687 932 1730 ut
965 1673 1023 1729 in
1058 1692 1095 1730 o
1151 1693 1188 1730 o
1223 1670 1401 1730 tribus
1432 1672 1865 1743 contribueren-

509 1765 603 1809 tur
632 1754 773 1809 novi
794 1753 955 1810 cives
973 1796 996 1821 ,
1019 1771 1093 1810 ne
1117 1752 1377 1831 potentia
1404 1772 1607 1811 eorum
1631 1752 1695 1812 &
1716 1751 1866 1811 mul-

507 1829 696 1889 titudo
733 1846 998 1889 veterum
1033 1833 1251 1893 civium
1281 1832 1615 1913 dignitatem
1642 1830 1864 1914 frange-

509 1926 635 1981 ret,
669 1908 802 1989 plus
833 1930 904 1969 ue
927 1909 1152 1991 poss'ent
1169 1915 1383 1992 recepti
1399 1914 1457 1971 in
1474 1912 1863 1987 beneficium,

506 1988 682 2071 quam
727 2012 828 2049 auc
850 2011 983 2051 ores
1021 1990 1286 2052 beneficii
1313 2015 1334 2066 3
1360 1990 1549 2054 Cinna
1584 1996 1644 2052 in
1676 1995 1865 2053 omni-

507 2070 616 2130 bus
649 2070 906 2129 tribubus
941 2092 1045 2131 eos
1080 2071 1135 2132 se
1172 2070 1596 2133 distributurum
1632 2076 1865 2155 pollici-

507 2168 600 2210 tus
633 2148 736 2212 est.
768 2149 917 2230 Quo
944 2154 1181 2212 nomine
1214 2156 1505 2234 ingentem
1530 2155 1707 2215 totius
1745 2153 1865 2214 Ita-

509 2231 600 2291 11ae
619 2230 1000 2315 frequentiam
1026 2236 1087 2292 in
1106 2232 1331 2293 Urbem
1359 2237 1670 2296 acciverat:
1692 2255 1724 2295 e
1748 2256 1863 2317 qua

509 2311 699 2393 pulsus
755 2312 991 2395 colle-gae
1051 2317 1524 2396 optimatiumque
1575 2316 1794 2375 viribus
1838 2360 1861 2389 ,

503 2404 690 2473 'quum
721 2396 781 2453 in
813 2391 1192 2473 Campaniam
1226 2394 1489 2473 tenderet
1509 2441 1528 2469 ‚
1566 2416 1639 2455 ex
1673 2394 1863 2461 aneio,-

506 2474 674 2531 ritate
705 2470 926 2536 senatus
957 2472 1278 2535 consulatus
1308 2478 1361 2535 ei
1394 2478 1699 2558 abrogatus
1733 2476 1815 2537 est
1832 2494 1860 2549 ,ς

505 2549 878 2633 suffeGusque
925 2555 986 2612 in
1031 2552 1154 2633 ejus
1197 2556 1393 2615 locum
1442 2556 1509 2617 L.
1548 2554 1859 2617 Cornelius

509 2630 738 2691 Merula
775 2633 984 2693 flamen
1020 2632 1225 2696 Dialis.
1262 2636 1405 2697 Haec
1442 2634 1643 2718 injuria
1673 2638 1862 2697 homi-

507 2732 582 2786 ne
627 2756 647 2786 ,
693 2710 863 2795 quam
914 2716 1189 2798 exemplo
1228 2716 1477 2801 ‘dignior
1523 2716 1650 2780 fuit.
1695 2716 1859 2802 Tum
