2067 3667
545 298 653 371 74
796 277 874 345 L.
924 276 1283 347 ANNAEJ
1343 278 1644 345 onat

459 464 468 471 ‚
538 397 616 459 sis
641 439 661 469 ,
692 392 937 461 Graeciae
980 416 1055 457 ue
1099 396 1382 455 littoribus
1405 438 1424 467 ,
1470 397 1590 454 otia
1627 396 1696 457 ὃς
1739 396 1924 457 iuxns

546 496 848 557 tamquam
867 478 929 537 vi
986 498 1055 537 or
1077 476 1344 558 agitabat.
1363 474 1650 535 Euboeam
1669 475 1926 537 insulam

544 560 871 619 continenti
908 556 1303 619 adhaerentem
1347 559 1506 617 tenui
1555 555 1706 617 freto
1755 560 1925 618 reci·

542 638 915 720 precantibus
940 638 1104 717 aquis
1125 635 1370 718 Euripus
1398 635 1648 697 abscidit.
1674 636 1791 699 Hic
1809 638 1921 699 ille

545 719 753 800 positis
776 719 964 779 aureis
994 716 1295 798 sericisque
1318 719 1615 792 tentoriis,
1649 716 1751 778 sub
1781 722 1798 777 i
1855 718 1918 779 so

536 798 680 859 freti
722 818 1013 859 murmure
1041 840 1064 871 ,
1093 817 1275 879 quum
1309 800 1458 857 inter
1494 799 1711 859 fluenta
1753 742 1916 860 tigiis

538 878 871 961 fidibusque
916 882 1249 939 concineret
1269 922 1292 951 ‚
1334 878 1558 939 collatis
1602 880 1868 961 undique
1895 924 1916 951 ,

544 964 812 1042 quamvis
843 979 947 1040 per
975 960 1257 1040 hyemem
1280 1002 1300 1031 ,
1323 961 1470 1019 rosis
1487 1004 1512 1031 ‚
1547 980 1622 1019 ne
1659 981 1778 1021 non
1804 960 1915 1019 ali-

540 1062 668 1122 quo
708 1042 917 1101 ducem
950 1059 1170 1122 genere
1206 1062 1240 1099 a
1277 1060 1373 1099 ere
1410 1040 1710 1103 videretur
1733 1085 1752 1114 ,
1785 1043 1913 1100 vir-

546 1124 745 1201 ginum
772 1140 1198 1209 puerorumque
1261 1118 1475 1189 elefius
1503 1120 1766 1181 habebat.
1791 1119 1913 1179 Ta-

536 1202 667 1261 lem
703 1219 843 1283 ergo
882 1220 1084 1283 regem
1111 1222 1232 1279 Jam
1263 1198 1362 1261 sua
1396 1200 1615 1259 luxuria
1651 1202 1910 1263 debella-

544 1298 673 1341 tum
705 1281 957 1363 populus
986 1280 1319 1353 Romanus,
1344 1280 1541 1341 Acilio
1579 1280 1907 1342 Giabrione

532 1359 779 1420 consule
809 1405 828 1431 ,
864 1363 923 1419 in
964 1360 1141 1423 insula
1177 1358 1462 1443 aggressus
1491 1404 1511 1432 ,
1555 1361 1680 1442 ipso
1718 1360 1906 1433 statim

494 1426 511 1449 ³
542 1439 829 1519 adventus
861 1439 941 1501 sui
974 1444 1178 1501 nuntio
1213 1443 1406 1523 coe-git
1435 1441 1506 1500 ab
1537 1441 1717 1503 insula
1747 1442 1810 1503 fu
1849 1462 1907 1503 e-

524 1541 631 1581 ·re.
671 1520 833 1583 Tum
876 1523 1229 1603 praecipitem
1275 1521 1429 1603 apud
1466 1520 1820 1604 Tbermopy
1843 1544 1903 1583 as

544 1600 907 1698 affequutus‚
944 1602 1142 1663 locum
1179 1618 1574 1663 trecentorum
1605 1602 1902 1665 Laconum

544 1682 581 1743 s
612 1682 810 1743 emesa
844 1683 1005 1743 caede
1041 1682 1521 1756 memorandum,
1552 1703 1627 1743 ne
1667 1684 1746 1745 ibi
1777 1687 1904 1765 qui-

594 1784 685 1822 em
708 1762 921 1823 fiducia
944 1763 1062 1824 loci
1083 1762 1438 1825 resistentem
1456 1809 1477 1838 ,
1498 1765 1725 1825 mariae
1750 1766 1900 1825 terra

542 1844 761 1903 cedere
785 1847 895 1903 coe
936 1845 999 1903 it.
1030 1842 1234 1903 Statim
1265 1844 1330 1905 δι
1359 1864 1392 1903 e
1422 1842 1670 1926 vestigio
1699 1847 1812 1905 itur
1843 1848 1900 1904 in

545 1921 801 2003 Syriam.
844 1919 901 1983 C
925 1925 1060 1983 assis
1096 1926 1252 2006 regia
1291 1923 1676 2003 Polyxenidae
1716 1924 1902 1986 Anni·

534 2004 781 2085 -balique
812 2002 1147 2065 commissa:
1185 2025 1318 2065 nam
1347 2024 1449 2063 rex
1481 2006 1755 2086 proelium
1789 2025 1899 2067 nec

540 2083 803 2165 speGare
836 2102 1080 2167 poterat.
1101 2085 1280 2165 Igitur
1301 2128 1320 2157 ‚
1353 2085 1500 2145 duce
1517 2086 1756 2147 AEmilio
1778 2084 1898 2147 Re-

543 2166 729 2248 gillo,
762 2165 1245 2248 adremigantibus
1274 2165 1522 2226 Rhodiis
1541 2210 1562 2239 ‚
1591 2182 1719 2227 tota
1747 2168 1898 2227 lace·

340 2226 346 2235 ’
450 2287 455 2293 -
544 2264 723 2307 tatur.
753 2244 851 2307 Ne
891 2248 1001 2307 sibi
1083 2248 1301 2308 iaceant
1341 2243 1586 2309 Athenae
1624 2268 1640 2305 t
1676 2249 1736 2306 in
1769 2248 1898 2307 An-

546 2327 749 2387 tiocho
778 2328 1024 2387 vicimus
1115 2348 1310 2387 erxem
1335 2349 1352 2399 ;
1379 2329 1438 2387 in
1470 2327 1712 2386 AEmilio
1740 2325 1896 2389 The-

547 2406 942 2467 mistoclemae
984 2410 1245 2481 navimus
1277 2428 1296 2479 ;
1329 2406 1590 2487 Ephesiis
1615 2405 1894 2469 Salamina

544 2486 927 2567 pensavimus.
1030 2508 1130 2547 um
1170 2484 1402 2547 consule
1439 2484 1711 2567 Scipione
1743 2534 1762 2558 ‚
1801 2492 1893 2549 cui

540 2565 721 2625 frater
744 2608 765 2636 ,
800 2567 897 2626 ine
930 2566 1114 2627 modi>
1136 2566 1323 2627 vietor
1355 2564 1715 2649 Carthaginis
1738 2569 1894 2629 Afri·

538 2667 718 2707 canus
734 2692 755 2718 ‚
780 2646 1106 2708 voluntaria
1131 2647 1418 2733 legatione
1439 2648 1634 2709 aderat
1650 2690 1670 2721 ,
1693 2648 1891 2713 debel-

524 2727 651 2791 -nari
689 2748 888 2815 regem
933 2728 1125 2812 placet
1157 2750 1180 2791 ς
1226 2730 1291 2795 &
1331 2727 1452 2811 jam
1490 2745 1621 2793 toto
1663 2727 1893 2793 cefferat
