2067 3667
417 265 568 398 '148
719 310 796 376 L.
847 309 1219 378 ANNAEI
1270 310 1583 378 onnt

446 447 1759 523 ffl====53h========o

657 600 1085 672 CAPUT
1180 600 1556 672 XXIII.

468 745 818 804 BELLUM
860 741 1157 796 CIVILE
1203 743 1365 795 SUB
1404 743 1741 797 LEPIDO.

432 869 560 979 M
577 934 619 974 Α
633 931 678 974 R
693 931 732 974 c
747 929 790 972 o
822 908 1047 991 Lepido
1060 953 1083 980 ‚
1116 906 1371 988 Quinsso
1398 907 1608 970 Catulo
1636 931 1783 970 con·-

430 994 642 1055 sulibus
661 1037 682 1066 ,
717 992 881 1060 civile
918 991 1133 1053 bellum
1169 1011 1316 1072 pene
1348 993 1509 1050 citius
1542 989 1787 1073 oppres·-

433 1074 560 1136 sum
607 1073 728 1146 est,
811 1072 941 1132 uam
993 1075 1268 1150 inciperet
1305 1094 1319 1132 z
1364 1071 1465 1132 sed
1506 1091 1785 1154 quantum

477 1154 726 1236 namque
801 1153 889 1212 ate
938 1151 1032 1212 fax
1087 1151 1235 1212 illius
1290 1151 1481 1214 motfis
1536 1152 1609 1213 ab
1656 1151 1786 1234 ipso

433 1177 608 1296 §ullae
649 1255 795 1316 rogo
832 1235 1039 1295 exarsit
1080 1234 1093 1293 Ξ
1127 1230 1215 1292 Cu
1262 1232 1388 1292 idus
1423 1254 1668 1318 namque
1699 1255 1789 1295 re-

435 1337 568 1376 rum
620 1335 902 1375 novarum
951 1335 1057 1394 per
1094 1255 1447 1373 insofentiam
1494 1314 1789 1395 Lepidus,

439 1395 558 1458 aeta
599 1397 740 1453 tanti
787 1397 896 1455 viri
946 1393 1268 1454 rescindere
1324 1395 1558 1473 parabat
1607 1415 1625 1468 ;
1676 1415 1789 1455 nec

434 1475 730 1537 immerito
754 1517 774 1546 ‚
829 1478 874 1532 si
926 1489 1124 1535 tamen
1170 1471 1358 1554 poss'et
1406 1476 1530 1534 sine
1580 1495 1789 1556 magna

440 1556 607 1618 clade
660 1554 1008 1636 reipublicae.
1049 1553 1202 1614 Nam
1244 1560 1425 1636 quum
1466 1552 1591 1634 jure
1648 1556 1790 1616 belli

441 1637 596 1698 Sulla
632 1635 870 1696 dibiator
902 1633 1303 1720 proscripsisset
1333 1638 1600 1697 inimicos
1632 1659 1654 1712 ;
1688 1639 1789 1718 qui

441 1718 774 1799 supererant
797 1763 816 1789 ,
841 1734 1156 1778 revocante
1183 1716 1409 1796 Lepido
1430 1761 1449 1790 ‚
1474 1717 1610 1797 quid
1634 1717 1792 1778 aliud

489 1797 620 1858 uam
669 1798 742 1856 ad
787 1798 1008 1856 bellum
1048 1797 1457 1858 vocabantur?
1493 1818 1789 1880 quumque

443 1819 848 1938 damnatorum
909 1879 1127 1936 civium
1202 1877 1357 1937 bona
1402 1921 1422 1947 ‚
1486 1879 1791 1940 addicente

445 1958 602 2020 Sulla
619 2002 642 2030 ,
681 1960 941 2040 quamvis
978 1956 1128 2016 male
1164 1974 1365 2038 capta,
1402 1955 1523 2036 jure
1556 1977 1794 2034 tamen,

445 2042 716 2121 repetitio
766 2057 976 2098 eorum
1017 2037 1223 2119 procul
1264 2039 1441 2098 dubio
1487 2039 1797 2101 labefafih-

447 2123 550 2188 bat
608 2121 990 2200 compositam
1060 2121 1371 2192 civitatem.
1440 2119 1798 2201 Expediebat

453 2222 596 2294 ergo
621 2203 781 2283 quasi
813 2223 976 2283 aegrae
1009 2199 1321 2281 sauciaeque
1352 2202 1673 2282 reipublicae
1701 2224 1799 2263 re·

451 2280 743 2362 quiescere
791 2281 1342 2364 quomodocumque
1365 2326 1390 2356 ,
1428 2303 1502 2344 ne
1550 2283 1794 2344 vulnera

453 2363 746 2424 curatione
779 2359 900 2442 ipsa
933 2360 1403 2424 rescinderentur.
1431 2363 1794 2459 Ergoquurn

453 2441 695 2503 turbidis
731 2443 1147 2514 concionibus,
1192 2443 1355 2505 velut
1393 2444 1621 2504 classico
1658 2489 1675 2514 ,
1713 2446 1798 2506 ci-

450 2525 692 2584 vitatem
725 2521 1042 2594 terruisset,
1074 2522 1360 2602 profectus
1392 2527 1452 2586 in
1478 2525 1797 2598 Etruriam,

455 2623 612 2666 arma
643 2601 775 2662 inde
813 2602 876 2662 δ(
912 2604 1225 2666 exercitum
1257 2605 1405 2666 Urbi
1438 2605 1795 2667 admoverat.

454 2678 571 2743 Sed
629 2681 748 2762 jam
805 2681 1100 2746 Mulvium
1200 2703 1401 2747 ontem
1467 2685 1799 2766 collemque

453 2763 773 2835 Ianiculum
815 2763 1073 2828 Lutatius
1126 2707 1365 2829 (Patulus
1398 2810 1418 2842 ,
1479 2762 1801 2852 Cnaeusque
