2067 3667
544 328 824 401 str.
878 332 1187 401 Luna
1222 334 1333 403 II.
1508 354 1598 429 43

239 448 522 509 maturius
559 492 580 522 ‚
620 450 778 511 vires
819 448 1049 510 refeftae
1099 448 1224 512 sunt
1258 472 1278 524 3
1322 448 1467 513 Pom
1512 456 1608 515 eio

239 528 526 611 Sullaque
567 530 633 591 &
675 529 868 589 Mario
912 531 1191 591 fluentem
1230 554 1471 614 procum
1515 554 1608 595 en·

242 626 370 673 tem
455 630 488 669 e
527 610 945 691 rempublicam
981 610 1429 675 restituentibus.

448 688 533 751 II.
575 690 764 751 Finito
810 712 884 752 ex
933 694 1187 753 maxima
1279 713 1398 754 arte
1433 740 1453 769 ,
1499 696 1608 755 nisi

243 792 378 853 quae
410 768 628 831 Nolani
653 772 790 831 belli
824 774 1131 833 manebant
1163 793 1223 833 re
1249 777 1415 856 iquiae
1438 820 1457 849 ,
1496 774 1608 835 Ita-

181 882 188 889 ·
237 851 359 912 lico
409 850 568 912 bello
626 850 652 932 [
689 875 807 935 quo
854 853 1092 936 quidem
1138 852 1387 915 Romani
1441 854 1605 916 viffls

239 928 575 1015 afflifflsque
620 936 728 1013 ipsi
780 936 1055 994 exarmati
1086 977 1105 1006 ‚
1150 934 1321 1016 quam
1369 938 1607 1017 integris

239 1015 530 1075 universis
566 1015 854 1075 civitatem
890 1014 1025 1075 dare
1062 1014 1433 1097 maluerunt]
1468 1038 1608 1077 con·-

240 1091 490 1153 sulatum
521 1095 770 1153 inierunt
804 1092 890 1173 Q.
928 1094 1240 1177 Pompeius
1276 1099 1341 1157 &
1361 1094 1427 1156 L.
1454 1093 1608 1157 Cor-

237 1174 433 1235 nelius
464 1172 617 1234 Sulla
635 1218 656 1248 ‚
682 1175 775 1233 vir
806 1176 906 1255 qui
939 1195 1132 1257 neque
1166 1174 1239 1235 ad
1272 1174 1451 1236 finem
1482 1178 1608 1237 vic·-

243 1256 415 1316 toriae
453 1252 583 1315 satis⁴
620 1253 838 1314 laudari
859 1300 878 1331 ,
917 1276 991 1316 ne
1076 1276 1109 1315 e
1186 1254 1275 1315 ost
1304 1256 1606 1319 vi6ioriam

238 1335 476 1396 abunde
508 1337 634 1396 vitu
679 1336 822 1395 erari
855 1276 1073 1419 poteae¹
1094 1278 1211 1397 Hic
1246 1352 1407 1397 natus
1437 1336 1607 1399 fami-

239 1417 322 1477 lia
355 1416 574 1490 nobili,
635 1433 799 1475 extus
823 1437 855 1474 a
884 1414 1168 1477 Cornelio
1207 1415 1423 1479 Rufino
1446 1463 1466 1493 ,
1582 1421 1605 1477 i

236 1497 404 1560 bello
437 1495 646 1579 Pyrrhi
667 1498 816 1555 inter
846 1498 1249 1558 celeberrimos
1281 1498 1464 1559 fuerat
1495 1440 1606 1558 3:-

239 1599 344 1639 ces
379 1622 399 1649 ‚
442 1596 620 1659 quum
665 1575 895 1637 familiae
941 1576 1064 1657 ejus
1108 1579 1383 1639 claritudo
1424 1581 1605 1639 inter-

240 1656 410 1720 miss'a
449 1656 624 1731 estet,
673 1656 773 1717 diu
813 1659 894 1717 ita
933 1658 992 1717 se
1036 1660 1211 1741 gessit
1241 1704 1260 1729 ,
1292 1677 1354 1719 ut
1391 1660 1605 1720 nullam

243 1738 485 1821 petendi
537 1736 892 1799 consulatum
942 1740 1350 1821 cogitationem
1392 1739 1607 1800 habere

241 1819 545 1880 videretur
573 1842 588 1880 ε
621 1818 831 1879 deinde
867 1819 997 1901 post
1030 1836 1331 1900 praeturam
1364 1818 1603 1880 illustra-

235 1892 338 1961 'tus
371 1900 529 1959 bello
563 1898 766 1961 Italico
792 1943 811 1972 ,
849 1902 915 1960 &
950 1900 1083 1959 ante
1124 1902 1183 1960 in
1221 1899 1410 1961 Gallia
1446 1900 1603 1983 lega-

237 1984 408 2042 tione
443 1978 540 2039 sub
563 1980 755 2041 Mario
781 2023 799 2051 ,
833 1980 946 2060 qua
977 1983 1464 2040 eminentissimos
1500 1984 1603 2041 du-

239 2082 346 2122 ces
380 2058 625 2121 hostium
655 2060 880 2120 fuderat
902 2105 921 2134 ‚
955 2082 1028 2121 ex
1062 2059 1310 2120 successu
1347 2064 1598 2123 animum

237 2140 485 2222 sumpsit
505 2164 526 2215 3
547 2140 758 2223 petens
789 2161 860 2200 ue
882 2140 1235 2201 consulatum
1255 2184 1273 2212 ,
1294 2160 1444 2222 pene
1470 2163 1603 2201 om·-

235 2223 411 2283 nium
434 2223 649 2283 civium
678 2163 948 2302 suffragiis
979 2218 1157 2280 fabius
1182 2220 1265 2281 est
1288 2242 1307 2294 3
1333 2219 1432 2280 sed
1470 2242 1603 2283 eum

239 2303 534 2364 honorem
589 2303 1223 2384 undequinquagesimo
1270 2304 1446 2363 aetatis
1490 2300 1602 2363 suae

238 2406 402 2445 anno
440 2382 708 2444 affecutus
747 2381 847 2443 est.

333 2463 610 2525 XVIII.
663 2464 773 2525 Per
815 2484 882 2523 ea
921 2480 1187 2544 tempora
1232 2462 1599 2524 Mithridates

241 2544 518 2606 Ponticus
565 2566 668 2604 rex
691 2589 711 2620 ‚
751 2546 844 2605 vir
883 2564 1075 2627 neque
1120 2542 1371 2605 silendus
1409 2562 1604 2627 neque

240 2624 528 2685 dicendus
553 2626 675 2687 sine
709 2647 843 2691 cura
862 2671 882 2698 ‚
911 2624 1071 2686 bello
1104 2627 1410 2686 acerrimus
1433 2671 1452 2699 ,
1485 2628 1602 2683 vir-

235 2722 371 2766 tute
409 2708 649 2765 eximius
669 2751 689 2777 ‚
722 2706 1024 2787 aliquando
1068 2705 1297 2767 fortuna
1318 2752 1337 2781 ,
1375 2704 1601 2787 semper

235 2787 442 2849 animo
467 2788 743 2849 maximus
763 2832 784 2861 ,
811 2788 1065 2847 consiliis
1088 2787 1257 2862 dux,
1280 2787 1447 2848 miles
1473 2804 1599 2845 ma-
