2067 3667
559 285 615 354 L
663 303 699 353 1
751 301 803 353 Β
855 304 904 353 Ε
954 304 1008 354 n
1108 286 1152 354 1
1174 286 1259 354 V.
1463 305 1487 354 ι
1508 305 1595 382 57

243 400 316 466 '&
349 402 421 464 ab
455 404 680 485 oppido
719 402 1111 464 intercludere
1140 403 1479 499 aggreditur.
1511 402 1605 464 In·-

243 485 417 545 terim
474 483 867 544 obundatione
922 485 1087 544 verni
1136 485 1385 544 flurrunis
1437 503 1603 545 com-

245 565 528 625 meatibus
555 565 910 646 prohibetur.
958 563 1049 624 Sic
1078 564 1233 626 fame
1268 563 1445 626 castra
1474 581 1604 624 ten-

246 661 364 705 tata
398 643 524 705 sunt
556 667 574 719 ;
605 644 970 726 obsess'orque
1005 643 1123 725 ipse
1166 648 1327 728 quasi
1366 646 1609 706 obside-'

245 725 429 785 batur.
471 724 588 785 Sed
629 725 729 786 ubi
772 747 886 807 pax
933 726 1183 786 fluminis
1230 727 1402 788 rediit
1427 772 1446 801 ‚
1492 747 1604 808 po·

245 805 636 901 palationibus
671 807 736 867 &
782 827 988 888 pugnae
1038 827 1276 886 campos
1320 809 1547 888 aperuit
1578 827 1597 866 τ

245 903 458 946 iterum
489 885 658 948 ferox
685 884 849 948 instat
880 909 900 961 3
933 887 998 948 ὃ(
1032 887 1307 948 cedentes
1348 887 1423 946 ad
1457 885 1598 948 Cel-

244 967 514 1028 tiberiam
556 965 940 1047 consequutus
969 1011 989 1040 ,
1033 987 1239 1049 aggere
1288 968 1353 1029 &
1394 965 1553 1027 vallo
1575 1010 1599 1037 ‚

245 1069 316 1108 ac
354 1068 460 1127 per
497 1046 622 1108 haec
657 1049 750 1108 siti
782 1047 854 1107 ad
897 1047 1259 1108 deditionem
1295 1048 1598 1128 compulit.

243 1126 338 1188 Sic
371 1130 602 1188 citerior
637 1126 751 1187 His
783 1130 910 1188 ania
946 1145 1183 1209 recepta
1210 1125 1293 1188 est
1326 1150 1345 1202 ;
1374 1139 1481 1188 nec
1512 1127 1601 1187 ul·-

245 1211 431 1270 terior
463 1229 690 1270 moram
727 1149 884 1269 tgcin
924 1206 1092 1287 Quid
1126 1210 1281 1268 enim
1316 1230 1427 1270 una
1470 1205 1601 1288 post

289 1291 504 1372 uinque
539 1288 800 1371 legiones
845 1290 866 1349 ἓ
917 1287 1119 1370 Itaque
1163 1289 1314 1348 ultro
1359 1289 1603 1349 cedente

243 1311 512 1430 glai-rone
554 1413 573 1441 ‚
641 1368 842 1430 Gades
876 1412 896 1443 ‚
946 1368 1155 1429 fretum
1203 1415 1222 1440 ,
1282 1367 1556 1432 Oceanus
1580 1411 1602 1442 ,

245 1453 446 1511 omnia
506 1449 838 1511 felicitatem
901 1447 1141 1511 Caesaris
1193 1446 1601 1531 sequebantur.

245 1531 491 1613 Aliquid
524 1547 716 1592 tamen
747 1531 1026 1591 adversus
1060 1527 1353 1590 absentem
1390 1529 1601 1590 ducem

246 1610 379 1672 ausa
413 1611 641 1672 fortuna
683 1609 766 1670 est
805 1612 956 1671 circa
991 1609 1292 1689 Illyricum
1333 1612 1399 1672 ὅ(
1438 1608 1600 1670 Afri-

249 1714 378 1753 cam
402 1735 421 1764 ,
445 1693 605 1773 quasi
631 1692 706 1751 de
734 1689 1008 1750 industria
1036 1689 1309 1772 prospera
1341 1687 1463 1768 ejus
1494 1689 1601 1750 ad-

247 1774 435 1832 versis
487 1772 852 1832 radiarentur.
894 1769 1136 1852 Quippe
1183 1792 1363 1853 quum
1405 1769 1603 1832 fauces

245 1853 531 1914 Adriatici
573 1854 744 1912 maris
785 1849 920 1930 jussi
962 1873 1247 1933 occupare
1294 1851 1604 1912 Dolabella

251 1935 322 1996 ὃ(
357 1933 647 1993 Antonius
672 1977 693 2004 ,
725 1931 822 1992 ille
863 1931 1104 2012 Illyrico
1127 1976 1152 2002 ,
1186 1933 1279 1992 hic
1310 1931 1604 1993 Curiciico

249 2015 449 2076 littore
487 2012 667 2076 castra
711 2009 1016 2093 posuiss‘e'nt
1042 2057 1069 2083 ,
1107 2011 1223 2091 jam
1272 2015 1449 2072 maria
1490 2012 1606 2071 late

248 2111 484 2156 tenente
536 2094 821 2173 Pompeio
851 2135 873 2166 ,
919 2109 1156 2173 repente
1208 2091 1423 2174 legatus
1480 2091 1605 2170 ejus

253 2173 540 2238 ORavius
579 2173 728 2236 Libo
751 2173 1077 2255 ingentibus
1112 2174 1294 2253 copiis
1329 2171 1603 2232 classico-

252 2277 386 2316 rum
425 2257 798 2318 circumvenit
851 2271 1175 2334 utrumque.
1222 2251 1606 2314 Deditionem
1676 2327 1683 2334 .

251 2335 438 2397 fames
479 2337 720 2398 extorsit
752 2334 1032 2396 Antonio.
1070 2331 1255 2395 Miffae
1294 2352 1526 2414 quoque
1570 2354 1605 2394 a

252 2416 447 2478 Basilo
487 2419 546 2475 in
581 2415 852 2476 auxilium
884 2414 1008 2496 ejus
1039 2432 1187 2475 rates
1206 2457 1226 2486 ,
1259 2413 1453 2496 quales
1484 2416 1606 2475 ino·

255 2500 352 2580 pia
387 2499 622 2558 navium
653 2495 902 2570 fecerat,
929 2495 1087 2556 nova
1116 2493 1605 2576 Pompeianorum

255 2597 383 2638 arte
427 2576 676 2639 Cilicum
709 2621 728 2650 ,
783 2575 916 2637 affis
970 2575 1075 2636 sub
1126 2598 1284 2636 mare
1332 2575 1559 2635 funibus
1583 2616 1604 2646 ‚

255 2681 325 2719 ca
369 2675 440 2718 tae
479 2659 639 2740 quasi
676 2678 782 2737 per
821 2657 1169 2739 indaginem.
1210 2655 1373 2716 Duas
1410 2673 1604 2714 tamen

255 2680 427 2802 εἰςιν»,
463 2739 729 2822 explicuit
761 2762 776 2800 ε
834 2759 946 2800 una
977 2780 1000 2812 ,
1059 2757 1186 2822 quae
1226 2734 1605 2820 Opiterginos
