2067 3667
467 321 989 398 {LIBER
1068 321 1233 390 JV.
1438 317 1577 415 1-89

209 435 479 500 :vulnere
503 481 523 507 ,
555 458 731 518 quum
767 438 1105 499 Armeniam
1135 439 1208 496 ad
1245 437 1501 498 Parthos·
1522 436 1582 500 se

173 518 200 549 ,·
229 517 652 584 subtrahentem
669 520 887 598 recipit.
902 518 1213 579 Armenios
1232 561 1251 590 ,
1268 517 1421 578 victo
1443 539 1582 600 rege

230 595 488 677 Tigrane
513 643 533 670 ‚
587 600 647 656 in·
690 599 800 657 hoc
831 619 1031 658 unum
1079 597 1603 680 servitutisgenus„

229 676 544 758 Pompeius
581 675 891 737 assueverat
911 720 930 749 ,
965 682 1027 738 'ut
1058 677 1306 748 rectores
1340 701 1373 738 a
1396 679 1581 738 -nobis

232 760 580 838 acciperent.
609 755 982 818 Intermissum
1012 779 1152 840 ergo
1185 757 1276 838 jus
1299 776 1399 838 per
1428 759 1579 819 hunc

231 854 676 918 recuperatum,
723 859 842 897 non
881 841 1191 898 incruento
1246 859 1351 898 nec
1396 839 1581 900 inulto

230 934 430 978 tamen
450 920 769 990 certamine.
802 915 1046 998 Quippe
1070 916 1334 978 Domnes
1352 960 1371 988 ,
1404 939 1581 998 quem

232 1017 362 1070 tex.
386 997 670 1058 Artaxatis
713 995 1045 1077 praefecerat
1082 1039 1103 1069 ‚
1152 999 1411 1057 simulata
1449 1019 1585 1076 pro-

237 1078 500 1151 ditione,
533 1077 766 1136 adortus
800 1079 986 1136 virum
1024 1079 1306 1137 intentum
1345 1077 1539 1137 libello
1562 1121 1585 1154 ,

237 1177 453 1240 quem,
487 1173 550 1216 ut
574 1155 960 1216 thesaurorum
993 1158 1247 1216 rationes
1281 1159 1589 1218 continen-

187 1293 192 1298 .
235 1255 360 1298 tem
394 1235 514 1317 ipse
551 1251 881 1316 porrexerat
903 1274 924 1306 ‚
963 1235 1155 1296 strifiio
1181 1234 1342 1296 ferro
1386 1257 1587 1297 cruen-

236 1331 325 1380 tat
355 1315 594 1376 vulnere
623 1318 684 1374 in
711 1333 960 1396 tempus.
995 1313 1275 1375 Ceterum
1314 1316 1586 1376 barbarus

236 1396 494 1477 undique
543 1393 748 1455 infesto
794 1397 1049 1455 exercitu
1085 1393 1423 1476 oppressus,
1464 1397 1585 1478 gla-

239 1479 342 1543 dio
364 1521 385 1550 ‚
421 1477 487 1538 &
521 1477 673 1557 pyra
695 1519 714 1546 ‚
752 1479 812 1536 in
842 1495 1014 1556 quam
1052 1471 1119 1534 se.
1192 1474 1436 1537 ercuffus
1474 1479 1588 1536 im·

237 1559 435 1630 misit,
472 1554 751 1636 superstiti
790 1559 1100 1615 etiamnum
1186 1554 1337 1614 aesari
1370 1554 1587 1616 satisfe-

242 1640 338 1702 cit.
377 1635 494 1696 Sub
537 1633 764 1696 Occasu
890 1653 1012 1694 cata
1054 1633 1403 1695 fere·omnis
1443 1635 1589 1696 His-.

241 1718 444 1800 pania,
467 1717 576 1774 nisi
607 1735 782 1796 quam
861 1716 1082 1794 yrenaei
1114 1714 1422 1774 desinentis
1460 1713 1585 1788 sco·

241 1797 395 1880 pulis
428 1798 798 1855 inhaerentem
827 1796 1069 1854 ‘citerior
1102 1793 1347 1854 alluebat
1388 1791 1586 1871 Ocea-

241 1899 368 1938 nus.
409 1875 525 1936 Hic
560 1875 686 1935 duae
717 1875 1079 1934 validissimae
1113 1892 1344 1956 gentes,
1375 1872 1585 1936 Canta·

242 1958 330 2018 bri
371 1957 434 2017 &
478 1953 717 2016 Astures
750 1999 771 2028 ‚
822 1957 1107 2014 immunes
1143 1956 1369 2034 imperii
1410 1957 1585 2036 agita-

243 2039 398 2110 bant.
430 2033 848 2097 Cantabrorum
871 2035 936 2096 &
1005 2031 1161 2110 ejor‚
1192 2035 1256 2094 &
1283 2033 1486 2108 altior,
1517 2036 1603 2097 &··

243 2119 425 2199 magis
449 2117 711 2196 pertinax
741 2117 800 2174 in
830 2115 968 2174 rebe
993 2113 1165 2174 lando
1197 2115 1415 2174 animus
1436 2113 1544 2174 fuit
1557 2134 1589 2189 ς.

287 2200 344 2256 ui
381 2217 501 2258 non
527 2197 791 2257 ‘contenti
833 2194 1153 2254 libertatem
1193 2193 1347 2252 suam
1381 2193 1585 2254 defen-

245 2217 430 2348 gere,
519 2277 754 2335 roximis
807 2277 980 2333 etiam
1028 2276 1106 2332 im
1152 2275 1354 2333 eritare
1388 2291 1593 2334 tenta-r

245 2359 420 2426 basstj
469 2298 526 2414 ῧ

246 2439 593 2518 Autrigonas
648 2434 861 2494 crebris
914 2429 1334 2492 incursionibus
1380 2431 1587 2514 fatiga-

219 2517 406 2578 bant.
453 2516 520 2576 In
575 2515 682 2576 hos
733 2515 903 2595 igitur
941 2552 966 2584 ,
1011 2515 1143 2592 quia
1188 2513 1617 2580 vehementius,

246 2613 419 2678 agere
457 2595 854 2664 nuntiabantur
888 2637 909 2667 ‚
944 2613 1067 2652 non
1106 2593 1371 2652 mandata
1403 2613 1587 2673 expe-

249 2678 393 2738 ditio
419 2719 439 2750 ,
475 2675 573 2736 sed
612 2674 835 2754 sumpta
873 2671 976 2733 est.
1018 2671 1143 2752 Ipse
1179 2673 1339 2732 venit
1368 2670 1588 2754 Segisa-

249 2777 404 2818 mam
437 2777 456 2815 .·
481 2753 680 2815 castra
722 2751 924 2834 posuit.
978 2750 1121 2812 Inde
1163 2755 1373 2834 partito
1414 2771 1581 2812 exer·-

247 2838 367 2900 eitu
385 2851 568 2900 totam
589 2833 847 2897 indidem
867 2831 1163 2915 'amplexus
1180 2829 1543 2895 Cantabriam
1556 2873 1591 2904 ,.

529 2352 857 2435 accaeosque
877 2398 898 2427 ‚
953 2353 1017 2412 &
1121 2355 1410 2434 urgionios
1448 2387 1469 2427 ·‚
1517 2356 1585 2417 &
