2067 3667
568 311 1242 384 LGssnII.
1488 329 1594 409 79

258 428 538 505 “aludem,
586 451 692 512 per
736 429 967 492 aversos
1017 429 1337 514 devie->sque
1375 445 1592 502 tumn-

250 534 353 587 os,
382 512 479 572 illa
512 533 642 595 quae
670 512 1002 574 volucribus
1034 532 1270 594 quoque
1299 511 1590 573 videbam

223 609 320 653 tur
370 591 643 654 inaccessa
667 636 687 667 ‚
741 609 937 676 regem·
973 591 1237 653 securum
1269 635 1298 664 s
1339 594 1406 654 &
1437 589 1590 653 nihi!

221 674 339 734 tale
387 691 743 736 metuentem
786 717 805 747 ,
852 672 1031 734 subita
1075 673 1216 733 belli
1261 675 1592 754 irruptione

220 757 437 814 terruit.
470 751 653 834 Cujus
686 771 847 814 tanta
874 754 1179 835 trepidatio
1210 751 1318 813 fuit
1333 798 1354 826 ,
1381 771 1445 814 ut
1476 773 1588 834 pe·-

220 837 448 896 cuniam
490 855 727 896 omnem
782 838 844 895 in
892 855 1050 894 mare
1093 831 1308 914 juss'erit
1351 836 1531 916 mergi
1556 879 1588 909 ‚,

218 935 293 976 ne
332 919 587 996 periret3
622 913 848 976 claffem
880 918 1122 975 cremari
1146 959 1167 985 ,
1201 935 1276 974 ne
1309 915 1588 974 incende-

216 1013 395 1055 retur.
416 995 610 1056 Paullo
636 993 865 1056 consule
902 1015 1080 1076 quum
1113 993 1333 1074 majora
1356 996 1421 1056 &
1449 1015 1586 1054 cre-

216 1075 324 1135 bra
376 1072 554 1136 essent
599 1076 873 1156 imposita
918 1074 1180 1154 praesidia
1207 1118 1230 1144 ,
1285 1095 1392 1154 per
1439 1074 1584 1134 alias

216 1157 343 1216 vias
406 1155 761 1216 Macedonia
824 1153 1103 1234 deprensa
1159 1154 1242 1215 est
1285 1198 1306 1229 ,
1355 1152 1579 1215 summa

219 1231 455 1316 quidem
486 1250 608 1294 arte
638 1237 702 1296 &
728 1233 1004 1294 industria
1034 1235 1194 1294 ducis
1214 1281 1233 1305 ‚
1263 1253 1444 1316 quum
1467 1235 1586 1296 alia

217 1315 465 1374 minatus
483 1359 507 1387 ,
550 1313 659 1376 alia
699 1312 1020 1396 irrepsiffet.
1065 1312 1248 1394 Cujus
1289 1315 1585 1378 adventus

214 1392 335 1476 ipse
368 1395 517 1455 adeo
548 1395 813 1456 terribilis
858 1397 978 1478 regi
1018 1393 1126 1456 fuit
1146 1440 1170 1468 ,
1211 1412 1274 1455 ut
1309 1394 1577 1456 intereffe

214 1495 335 1534 non
382 1477 661 1547 auderet,
700 1473 797 1536 sed
845 1477 1098 1558 gerenda
1140 1476 1380 1536 ducibus
1419 1476 1582 1536 bella

213 1555 589 1617 mandaverit.
637 1553 865 1616 Absens
906 1574 1048 1636 ergo
1100 1555 1288 1615 vissus
1327 1555 1388 1615 fu
1429 1559 1472 1614 't
1512 1559 1582 1618 im

214 1637 392 1694 maria
420 1679 439 1708 ,
490 1633 844 1716 insulamque
890 1632 1302 1694 Samothracen
1331 1679 1350 1708 ,
1449 1653 1582 1696 etus

214 1714 430 1776 celebri
451 1716 733 1796 religione
752 1761 773 1790 ,
796 1716 959 1796 quasi
980 1716 1196 1796 templa
1219 1716 1284 1776 &
1303 1735 1416 1776 arae
1441 1714 1577 1797 pos·-

213 1792 339 1855 sent
388 1794 700 1856 defendere
732 1841 751 1868 ‚
792 1816 969 1878 quem
1014 1815 1122 1856 nec
1169 1814 1396 1872 montes
1441 1796 1523 1857 sui
1545 1813 1578 1872 ,·

210 1894 321 1936 nec
352 1895 508 1937 arma
540 1873 865 1957 pomiffent.
890 1872 951 1936 N
955 1896 1092 1936 emo
1122 1895 1323 1960 regum
1359 1878 1580 1940 diutius

209 1955 415 2017 amiss'ae
437 1956 683 2018 fortunae
714 1957 1121 2018 conscientiam
1148 1961 1395 2019 retinuit.
1420 1956 1574 2040 Sup-

210 2037 348 2131 plex
392 2040 571 2118 q'uum
614 2036 885 2100 scn‘beret
920 2039 993 2097 ad
1039 2041 1447 2118 imperatorem
1494 2040 1575 2100 ab

210 2115 317 2176 xllo
337 2159 356 2188 ‚
426 2140 504 2179 uo
538 2117 872 2200 confugerat
891 2162 911 2192 ,
934 2120 1162 2200 templo
1183 2162 1209 2192 5
1234 2140 1575 2200 nomenque

211 2195 395 2278 episto
418 2221 467 2258 ae
539 2216 764 2259 notaret
826 2198 991 2258 suum
1030 2243 1052 2272 ,
1107 2221 1270 2280 regem
1321 2199 1572 2261 addidit.

209 2273 326 2338 Sed
350 2299 456 2340 nec
482 2279 845 2340 reverentior
875 2296 1059 2358 captae
1090 2277 1399 2359 majestatis
1423 2281 1572 2340 alius

207 2355 406 2419 Paullo
439 2358 563 2420 fuit.
590 2357 797 2438 Quum
830 2361 889 2419 in
922 2357 1292 2438 conspeRum
1320 2359 1572 2434 venisset}

206 2435 425 2513 hostis,
461 2442 521 2499 in
554 2440 839 2522 templum
872 2443 1091 2520 recepit
1116 2484 1135 2513 ,
1175 2443 1239 2502 &
1275 2443 1568 2503 conviviis

205 2518 465 2580 adhibuit
490 2565 511 2594 ,
553 2517 907 2602 liberosque*
928 2520 1231 2581 admonuit
1274 2520 1408 2581 suos
1439 2569 1458 2596 ‚
1501 2541 1570 2584 ut

202 2597 495 2660 fortunam
518 2644 540 2674 ,
572 2603 659 2660 cui
692 2619 915 2660 tantum
952 2601 1148 2661 liceret
1172 2646 1192 2675 ,
1229 2623 1574 2664 revera-en«

204 2693 312 2741 tur.
350 2679 506 2740 Inter
541 2681 957 2758 pulcherrimos
992 2681 1143 2740 hunc
1175 2703 1410 2764 quoque
1453 2706 1572 2765 po-·

206 2759 377 2840 pulus
400 2760 697 2821 Romanus
722 2761 793 2820 de
823 2760 1170 2822 Macedonia
1199 2762 1358 2901 Ἑκίτ
1386 2780 1569 2846 atque

1315 2863 1366 2918 4
