2067 3667
517 289 964 360 Lrssssn
1058 290 1208 361 IV.
1422 291 1549 365 161

201 405 264 468 in
295 426 370 470 eo
394 409 603 489 proelio
636 406 828 469 Caesar
856 405 968 469 fuit
986 452 1006 484 ,
1038 406 1375 492 mediusque
1410 409 1561 472 inter

202 491 614 570 imperatorem
665 491 730 550 &
772 489 1030 550 militem.
1070 489 1271 551 Voces
1322 512 1439 573 quo
1523 511 1560 553 e

202 569 588 652 obequitantis
623 586 880 651 exceptae·
899 615 920 644 ,
944 570 1120 631 altera
1149 589 1383 632 cruenta
1402 615 1424 644 ‚
1442 513 1557 634 ‘Ed

204 648 372 710 doch
395 694 416 722 ‚
449 651 514 710 &
548 649 622 710 ad
659 649 964 710 victoriam
1009 649 1213 712 efficax
1250 673 1271 726 ;
1317 655 1493 713 Miles
1527 696 1553 724 ,

188 728 398 810 firciem
424 727 536 810 firi
575 753 590 790 z
634 730 810 790 altera
859 732 933 792 ad
975 729 1341 812 jactationem
1391 753 1558 793 com-

201 813 393 892 posita
430 832 450 883 ;
479 813 655 872 Parce
689 812 904 872 civibus
940 832 957 873 ι
994 834 1177 894 quum
1203 812 1319 894 ipse
1359 813 1559 896 seque-

201 907 380 951 retur.
414 890 672 952 Felicem
717 908 1028 974 utcumque
1068 895 1127 952 in
1168 894 1335 953 malis
1376 893 1559 955 Pom-

200 974 398 1053 peium
422 1015 443 1043 ‚
483 974 530 1030 si
565 972 770 1033 eadem
805 974 824 1031 i
865 971 987 1031 sum
1011 1016 1032 1046 ,
1074 994 1203 1055 quae
1238 976 1555 1034 exercitum

201 1049 324 1132 ejus
348 1094 369 1124 ‚
408 1049 638 1112 fortuna
675 994 922 1114 traxillet
965 1055 981 1113 l
1020 1051 1317 1143 Superstes
1361 1053 1555 1136 digni·-

201 1132 308 1194 tati
337 1131 450 1190 suae
496 1134 644 1192 vixit
665 1175 686 1205 ,
727 1151 790 1192 ut
827 1153 961 1193 cum
1002 1155 1228 1212 majore
1262 1133 1553 1196 dedecore

199 1232 308 1293 per
338 1209 658 1273 Thessalica
692 1211 926 1294 Tempe
961 1233 1116 1295 equo
1159 1212 1385 1296 fugeret
1420 1236 1435 1274 ε
1486 1231 1552 1276 ut

197 1293 315 1354 una
359 1292 620 1353 navicula
661 1291 892 1352 Lesbon
936 1293 1319 1375 applicaretur
1357 1316 1373 1354 ι
1426 1295 1556 1374 pul·

195 1371 290 1434 sus
341 1369 580 1454 Syedris
602 1417 622 1448 ,
677 1375 738 1431 in
785 1371 1014 1434 deserto
1048 1372 1270 1436 Ciliciae
1314 1372 1554 1457 scopulo

195 1452 396 1536 fugam
434 1455 494 1513 in
524 1452 802 1529 Parthae,
841 1452 1100 1515 Africam
1124 1501 1145 1528 ,
1177 1456 1279 1518 vel
1316 1456 1555 1538 AEgyp-

195 1551 326 1595 tum
367 1536 604 1616 agitaret
645 1554 660 1593 :
705 1551 768 1593 ut
810 1534 1060 1616 denique
1097 1538 1155 1594 in
1190 1535 1417 1596 Pelusio
1466 1538 1558 1596 lit-

198 1631 332 1676 tore
363 1660 384 1689 ,
425 1615 672 1696 imperio
723 1614 984 1675 vilissimi
1040 1618 1189 1710 regis
1217 1661 1239 1690 ‚
1298 1616 1555 1677 consiliis

195 1694 554 1791 spadonum,
582 1696 676 1767 &‚
713 1715 788 1755 ne
824 1695 964 1776 quid
993 1695 1157 1756 malis
1194 1696 1378 1768 desit,
1413 1693 1557 1777 Sep·

197 1777 350 1837 trmii
393 1774 698 1837 desertoris
734 1774 814 1835 sui
845 1775 1037 1858 gladio
1070 1777 1379 1838 trucidatus
1400 1822 1421 1852 ,
1444 1775 1555 1838 ‘sub

197 1857 386 1918 oculis
425 1858 622 1918 uxoris
668 1855 779 1916 suae
822 1856 1251 1939 liberorumque
1290 1878 1555 1919 morere-

195 1955 312 1998 tur.
355 1935 511 2016 Quis
551 1957 672 1996 non
718 1937 1004 2017 peractum
1055 1937 1165 1999 effe
1210 1959 1343 1998 cum
1382 1937 1556 2000 Pom·

195 2020 338 2102 peio
407 2017 668 2078 crederet
729 2019 947 2078 bellum
1009 2017 1034 2077 ἓ
1110 2018 1293 2098 Atqui
1369 2020 1556 2080 acrius

194 2098 389 2162 multo
439 2116 610 2180 atque
663 2099 1065 2160 vehementius
1112 2097 1417 2160 Thess'alici
1469 2101 1560 2159 in-

195 2179 392 2242 cendii
443 2182 664 2240 cineres
710 2179 1023 2239 recaluere.
1066 2178 1137 2238 Et
1180 2181 1239 2238 in
1284 2179 1553 2260 AEgypto

195 2260 442 2343 quidem
475 2260 760 2320 adversus
805 2257 1094 2322 Caesarem
1134 2261 1253 2318 sine
1299 2261 1557 2340 partibus

194 2341 440 2402 bellum.
502 2339 628 2420 Qui
673 2361 750 2421 pe
817 2360 996 2420 quum
1052 2338 1397 2400 Ptolemaeus
1453 2361 1559 2401 rex

198 2421 568 2482 Alexandriae
611 2363 896 2481 fluminum
951 2419 1135 2480 civilis
1184 2420 1325 2480 belli
1377 2420 1559 2482 scelus
1616 2479 1623 2486 .

194 2499 928 2663 ffi‘eeffffizsffifssissfisszz
947 2502 1213 2663 ²333ssae
1246 2499 1560 2642 ffifffffft

361 2625 380 2654 9
1185 2625 1205 2654 2
1528 2625 1552 2656 2

196 2665 486 2722 ultionem
549 2665 687 2724 tanti
715 2664 858 2722 ·viri
927 2661 1200 2722 Manibus
1302 2678 1558 2732 uter-ente

195 2742 432 2806 fortuna
465 2788 492 2818 ,
567 2743 732 2808 causa
791 2765 913 2806 non
973 2741 1177 2807 defuit.
1300 2743 1557 2824 leopatra
