2067 3667
463 314 750 411 '111qu
795 316 1101 387 'LIBER
1152 314 1267 386 II.
1426 340 1521 412 93·

213 448 420 493 raetore
473 434 586 495 una
639 456 773 495 cum
821 433 1169 495 consulibus
1214 434 1527 517 designatis

163 456 364 574 hirtio
391 514 456 575 &
477 514 650 575 Pansa
671 560 691 589 ,
720 515 940 576 bellum
973 537 1107 575 cum
1138 516 1399 577 Antonio
1423 536 1527 597 ge·-

167 615 302 654 rere
335 592 512 673 jussit.
549 596 615 656 ld
649 596 722 656 ab
761 618 835 657 eo
871 616 1083 657 annum
1117 613 1323 679 agente
1362 598 1527 656 vice-

135 746 144 754 .
171 679 382 735 simum
415 674 724 735 fortissime
763 680 910 737 circa
939 676 1229 737 Mutinam
1264 675 1527 737 adminis-

169 771 382 815 tratum
421 754 500 815 est
528 778 548 831 3
581 758 646 819 &
682 755 761 816 D.
799 758 1006 819 Brutus
1042 757 1347 818 obsidione
1383 757 1526 817 libe·

168 852 344 897 ratus.
379 834 668 897 Antonius
705 840 855 919 turpi
894 860 960 898 ac
995 838 1151 897 nuda
1188 836 1322 919 fuga
1356 859 1525 897 coac·

172 933 266 976 tus
287 914 546 977 deserere
566 917 789 977 Italiam
817 940 832 977 ε
853 916 1150 978 consulum
1172 936 1363 977 autem
1384 918 1525 977 alter

173 999 236 1057 in
269 998 392 1056 acie
411 1040 430 1069 ,
462 998 598 1057 alter
633 996 762 1079 post
792 1020 1010 1081 paucos
1040 999 1165 1058 dies
1190 1018 1261 1058 ex
1282 998 1527 1059 vulnere

173 1093 430 1139 mortem
465 1078 628 1137 obiit.

259 1155 482 1219 LXII.
528 1156 744 1226 Omnia
785 1158 924 1217 ante
960 1202 977 1225 ,
1023 1156 1197 1239 quam
1242 1156 1530 1241 fugaretur

177 1236 472 1298 Antonius
491 1284 514 1310 ,
542 1237 860 1313 honorifice
885 1260 916 1297 a
949 1237 1141 1299 senatu
1162 1241 1219 1298 in
1240 1237 1528 1300 Caesarem

179 1321 614 1400 exercitumque
651 1317 775 1398 ejus
814 1319 1043 1379 decreta
1081 1318 1244 1393 suut,
1274 1321 1527 1381 maxime

183 1398 407 1461 auflore
445 1398 734 1461 Cicerone
769 1422 790 1475 3
823 1397 918 1459 sed
943 1416 1007 1460 ut
1037 1404 1271 1461 recessit
1300 1418 1525 1473 metus,

181 1482 367 1561 erupit
399 1480 668 1543 voluntas
688 1525 711 1551 ,
743 1479 1115 1563 protinusque
1150 1483 1402 1563 partibus
1440 1500 1531 1541 re-

183 1560 287 1621 diit
319 1562 560 1622 animus.
593 1561 770 1622 Bruto
811 1560 1133 1641 Cassioque
1169 1563 1483 1644 provinciae
1507 1605 1527 1636 ,

99 1700 104 1703 .
183 1661 326 1721 quas
365 1640 480 1721 jam
523 1644 632 1722 ipsi
676 1645 799 1702 sine
840 1642 961 1701 uilo
997 1640 1531 1703 senatus-consulto

185 1741 333 1781 occu
379 1740 650 1795 averant,
689 1722 932 1782 decretae
968 1743 986 1795 ;
1029 1722 1241 1781 laudati
1274 1724 1537 1803 quicum-

186 1822 300 1881 que
337 1743 428 1861 iiis
467 1800 523 1861 se
563 1804 846 1863 exercitus
883 1800 1237 1863 tradidiss‘ent
1272 1823 1291 1877 3
1336 1804 1531 1863 omnia

183 1879 544 1944 transmarina
592 1885 671 1942 im
717 1886 830 1943 etia
873 1904 1076 1943 eorum
1114 1880 1407 1943 commissa
1440 1904 1531 1943 ar·-

183 1962 373 2023 bitri0.
406 1962 649 2045 Quippe
675 1906 764 2023 gd.
790 1964 996 2025 Brutus
1015 2006 1037 2035 ‚
1068 1964 1132 2023 δι
1160 1960 1232 2023 C.
1260 1960 1489 2024 Cassius
1508 2008 1529 2037 ‚
1556 1998 1565 2007 ·

184 2050 341 2102 nunc
374 2046 696 2103 metuentes
732 2064 894 2103 arma
928 2041 1173 2103 Antonii
1210 2090 1230 2120 ‚
1264 2065 1416 2104 nunc
1461 2044 1534 2103 ad

185 2121 512 2204 augendam
561 2121 686 2203 ejus
735 2124 1012 2183 invidiam
1040 2169 1061 2197 .,
1102 2124 1429 2198 simulantes
1476 2122 1535 2182 se

186 2219 453 2263 metuere
491 2224 512 2277 3
552 2201 736 2263 testati
775 2202 966 2263 ediffis
991 2248 1010 2275 ,
1049 2204 1298 2263 libenter
1340 2202 1399 2262 se
1438 2202 1539 2262 vel

127 2288 138 2297 '
189 2286 250 2345 in
291 2301 577 2365 perpetuo
620 2282 824 2343 exsilio
850 2282 1099 2341 vietur-os
1124 2325 1144 2354 ,
1174 2282 1313 2341 dum
1342 2284 1539 2362 reipu-

187 2364 356 2425 blieae
383 2363 669 2425 constaret
690 2362 1003 2423 concordia
1021 2406 1043 2435 ,
1073 2383 1179 2423 nec
1204 2362 1376 2423 ullam
1398 2362 1539 2423 belli

189 2444 375 2503 civilis
393 2446 732 2525 praebituros
751 2444 1045 2504 materiam
1061 2488 1080 2516 ‚
1144 2443 1409 2504 lurimiim
1433 2443 1538 2505 sibi

192 2524 432 2583 honoris
467 2524 578 2585 ess'e
615 2528 676 2584 in
711 2524 1051 2585 conscientia
1103 2522 1206 2583 affl
1244 2522 1323 2583 sui
1346 2568 1366 2597 ,
1400 2544 1539 2603 pro-

193 2602 330 2665 feffi
374 2604 536 2664 Urbe
587 2622 754 2685 atque
796 2604 953 2666 Italia
975 2650 996 2679 ‚
1040 2608 1265 2665 intento
1308 2624 1373 2664 ac
1416 2608 1539 2685 pari

161 2736 169 2745 .
197 2682 390 2747 auim'o
419 2730 439 2759 ,
478 2686 600 2745 siue
636 2684 958 2745 au&oritate
991 2684 1220 2766 publica
1241 2726 1261 2757 ,
1294 2687 1539 2765 provin-
1594 2723 1599 2729 -

199 2766 314 2827 cias
357 2764 750 2849 exercitusque
791 2766 1213 2850 oc'mpaverant
1246 2810 1267 2841 ,
1305 2767 1370 2829 &
1392 2764 1543 2827 ‘ubi-
