2067 3667
414 310 735 383 'Hlszu
788 317 1108 384 LIBER
1147 316 1261 384 II.
1367 411 1374 419 ·
1419 340 1514 411 49

156 452 308 573 3⁰⁵
351 429 501 513 saepe
547 452 657 513 pro
709 431 882 493 salute
928 432 1258 515 reipublicae
1308 432 1520 494 flamen

226 512 351 571 xalis
392 529 657 593 precatus
696 530 817 575 erat
856 512 1024 574 Deos
1057 559 1078 589 ‚
1118 535 1220 574 eos
1259 515 1320 573 in
1355 514 1520 575 exse·
1592 534 1600 542 ·

157 595 479 653 crationem
534 590 738 654 Cinnae
789 595 1034 676 partium
1117 615 1150 653 e
1212 592 1334 675 ejus
1392 610 1516 657 tum

156 690 467 755 precatu35
513 675 735 753 optime
782 677 857 735 de
905 694 1046 755 repu
1093 675 1200 734 lica
1248 678 1520 737 meritum

157 753 414 835 spiritum
452 754 721 815 reddidit.
754 754 843 816 M.
878 754 1207 830 Antonius,
1243 759 1518 837 princes

158 837 409 896 civitatis
456 852 627 916 atque
672 834 1015 917 eloquentiae
1047 882 1066 910 ,
1108 837 1312 917 gladiis
1361 778 1519 897 miii-

160 932 287 975 tum
319 959 341 988 ,
394 935 541 995 quos
566 914 743 997 ‘ipsos
793 916 1062 977 facundia
1118 916 1214 976 sua
1257 932 1520 977 moratus

162 1013 319 1067 erat,
353 993 494 1073 juffu
528 994 703 1055 Marii
741 994 942 1059 Cinnae
985 1018 1060 1056 ue
1090 994 1382 1056 confoffus
1414 994 1519 1059 est.

160 1075 251 1155 Q.
275 1076 529 1136 Lutatius
550 1074 789 1137 Catulus
804 1121 822 1150 ‚
844 1079 909 1138 ὅ(
940 1098 973 1135 a
994 1080 1177 1136 iarum
1197 1079 1477 1137 virtutum
1496 1122 1517 1152 ‚

160 1160 229 1219 &
251 1156 390 1218 belli
418 1153 700 1216 Cimbrici
731 1156 949 1239 gloria,
1020 1179 1106 1217 uae
1129 1156 1208 1216 illi
1229 1176 1361 1218 cum
1389 1156 1520 1217 Ma-

156 1240 249 1299 rio
276 1238 597 1299 communis
618 1236 843 1314 iuerat,
870 1238 995 1298 cele
1041 1239 1309 1311 errimus,
1375 1258 1518 1298 uum

156 1319 235 1378 ad
288 1335 539 1378 mortem
587 1321 1021 1404 conquireretur
1058 1365 1078 1391 ,
1123 1319 1332 1379 conclu
1356 1336 1402 1379 it
1455 1316 1518 1379 se

156 1400 299 1460 loco
332 1419 518 1480 nuper
560 1399 714 1459 calce
760 1400 1048 1481 arenaque
1085 1399 1376 1481 perpolito
1403 1440 1422 1473 ,
1453 1400 1522 1460 il-

158 1482 395 1562 latoque
428 1480 547 1561 ig'ni
574 1482 671 1561 qui
701 1481 826 1541 vim
856 1480 1054 1542 odoris
1093 1484 1370 1540 excitaret
1390 1522 1410 1552 ,
1442 1478 1520 1538 fi-

157 1561 284 1621 mul
325 1562 537 1620 exitiali
573 1558 769 1621 hausto
814 1559 1011 1643 spiritu
1031 1605 1052 1635 ‚
1087 1559 1255 1620 fimul
1297 1558 1520 1621 incluso

157 1641 265 1701 suo
288 1683 309 1714 ‚
342 1656 589 1701 mortem
637 1643 815 1733 magis
860 1658 1009 1701 voto
1055 1640 1229 1720 quam
1281 1640 1519 1701 arbitrio

158 1723 530 1783 inimicorum
564 1723 728 1781 obiit.
763 1718 980 1781 Omnia
1012 1736 1174 1780 erant
1207 1720 1522 1802 praecipitia
1581 1770 1590 1776 .

54 1870 65 1879 ,
154 1808 223 1863 in
258 1802 550 1883 republica
578 1847 595 1876 ‚
630 1821 737 1862 nec
772 1818 964 1862 tamen
1000 1800 1184 1861 adhuc
1223 1799 1521 1883 quisquam

156 1883 561 1944 inveniebatur
580 1927 601 1957 ‚
636 1885 734 1964 qui
766 1882 919 1943 bona
956 1884 1100 1943 civis
1130 1882 1382 1943 Romani
1422 1897 1522 1943 aut

158 1966 383 2025 donare
404 1963 638 2024 auderet
654 2010 671 2034 ‚
692 1980 789 2023 aut
852 1976 1007 2024 eter'e
1028 1961 1338 2024 sustineret.
1353 1960 1521 2023 Post-

160 2066 237 2105 ea
268 2044 329 2103 id
366 2065 597 2125 quoque
633 2057 771 2104 acce¹
808 2060 856 2103 it
878 2087 900 2114 ,
931 2061 995 2104 ut
1027 2042 1259 2105 saevitiae
1295 2041 1520 2103 causam

158 2126 407 2185 avaritia
435 2125 717 2205 praeberet
737 2167 755 2194 ‚
782 2124 847 2184 &
874 2123 1083 2183 modus
1107 2123 1294 2202 culpae
1319 2144 1391 2183 ex
1413 2141 1522 2202 pe·

156 2207 355 2266 cuniae
385 2203 568 2265 modo
605 2201 1041 2264 constitueretur
1071 2223 1091 2275 3
1119 2204 1184 2263 &
1212 2200 1523 2283 quifuiffet

156 2286 475 2365 locuples»,
506 2282 671 2343 fieret
712 2302 972 2358 nocem,
1014 2281 1097 2341 sui
1139 2280 1376 2363 quisque
1417 2276 1585 2363 pef'

154 2366 330 2427 riculi
360 2385 581 2425 merces
610 2362 765 2424 foret
796 2384 816 2437 3
848 2382 961 2423 nec
993 2363 1309 2445 quidquam
1348 2363 1522 2424 vide-

156 2464 325 2509 retur
357 2462 417 2505 tu
488 2466 560 2518 e,
594 2444 754 2527 quod
792 2442 931 2505 effer
963 2442 1360 2525 quaestuosum.

248 2525 451 2589 XXII
492 2570 509 2586 .
551 2524 879 2585 Secundum
914 2524 1124 2585 deinde
1166 2522 1522 2584 consulatum

157 2607 398 2680 Cinna,
440 2608 505 2668 &
545 2605 861 2689 septimum
896 2604 1114 2665 Marius
1157 2606 1218 2664 in
1260 2606 1522 2686 priorum

154 2688 437 2751 dedecus'
456 2688 582 2747 iniit
609 2708 624 2746 ε
659 2684 819 2768 cujus
842 2688 1007 2745 initio
1042 2686 1252 2745 morbo
1281 2682 1523 2767 oppres-

152 2771 255 2833 sus
288 2765 525 2833 deeeffit
547 2810 569 2845 ,
596 2768 688 2834 vir
717 2769 779 2829 in
807 2766 969 2831 bello
992 2762 1287 2908 hostibusc,
1311 2769 1371 2827 in
1395 2767 1522 2827 otio
