2067 3667
546 303 695 386 '140
835 294 915 365 L.
962 293 1333 366 ANNE!
1381 267 1687 363 on'ztt

544 417 766 478 tatione
797 414 1054 476 contenti
1075 457 1096 485 ‚
1118 411 1338 474 Nolam
1359 429 1532 496 atque
1559 411 1906 487 Luceriam;

546 494 803 558 Thurios
835 513 1009 576 atque
1040 493 1452 575 Metapontum
1489 493 1729 553 terribili
1765 491 1906 553 stra·

548 597 621 659 ge
660 577 1027 659 populantur.
1067 571 1458 636 Affluentibus
1490 577 1548 634 in
1593 574 1752 634 diem
1802 595 1905 634 co-

549 659 696 738 piis,
808 678 906 718 um
943 654 1064 736 jam
1099 653 1240 717 effer
1276 653 1452 735 justus
1494 655 1776 716 exercitus
1801 697 1823 728 ‚
1865 675 1902 715 e

547 738 744 796 vimin‘
791 757 854 797 us
876 781 896 810 ,
945 736 1351 817 pecudumque
1389 736 1730 817 tegumentis
1752 779 1772 808 ,
1813 739 1902 795 in-

548 817 814 877 conditos
850 817 957 876 sibi
994 816 1212 898 clipeos
1257 837 1278 890 ;
1318 837 1351 877 e
1389 813 1544 898 ferro
1585 813 1902 896 ergastulo-

548 917 680 957 rum
718 895 944 958 τεςοὲὶο
982 897 1204 978 gladios
1239 917 1304 957 ac
1342 895 1458 955 tela
1491 894 1766 956 fecerunt.
1803 896 1899 956 Ac

551 999 625 1037 ne
669 979 829 1059 quod
882 977 1058 1037 decus
1105 975 1254 1054 iusto
1309 973 1523 1036 deess’et
1571 977 1901 1050 exercitui,

552 1059 785 1120 domitis
804 1057 993 1118 obviis
1026 1058 1294 1139 gregibus
1313 1074 1545 1136 paratur
1573 1059 1860 1136 equitatus
1880 1100 1900 1128 ‚

552 1157 832 1220 captaque
868 1138 942 1199 de
974 1137 1310 1218 praetoribus
1349 1138 1584 1219 insignia
1627 1137 1692 1198 &
1720 1135 1901 1197 fasces

552 1219 625 1278 ad
681 1218 889 1279 ducem
942 1218 1220 1277 detulere.
1271 1215 1403 1276 Nec
1456 1216 1650 1277 abnuit
1694 1216 1791 1276 ille
1825 1217 1902 1278 de

550 1297 915 1380 stipendiario
953 1297 1182 1358 Thrace
1220 1298 1384 1357 miles
1407 1341 1426 1372 ,
1464 1298 1536 1357 de
1582 1297 1765 1358 milite
1803 1299 1905 1359 de-

483 1412 490 1421 ·
549 1377 730 1439 sertor
755 1423 773 1450 ,
810 1379 942 1438 inde
982 1379 1131 1438 latro
1161 1423 1182 1452 ,
1221 1379 1429 1438 deinde
1465 1380 1522 1436 in
1562 1377 1792 1438 honore
1829 1382 1905 1440 vi-

551 1461 701 1519 rium
740 1459 1019 1540 gladiator
1040 1481 1058 1518 .·
1094 1461 1193 1540 qui
1233 1457 1630 1518 defflnfiiornm
1665 1479 1904 1540 quoque

596 1540 761 1600 roelio
819 1539 1030 1602 ducum
1075 1537 1272 1598 funera
1314 1539 1692 1620 imperatoriis
1747 1541 1906 1599 cele·

549 1561 739 1682 gravit
768 1617 1084 1702 exsequiis»,
1117 1618 1487 1701 captivosque
1514 1622 1663 1680 circa
1693 1640 1907 1702 rogum

549 1698 715 1781 jussit
748 1704 917 1759 armis
959 1700 1290 1782 depugnare
1327 1746 1348 1776 ,
1385 1702 1545 1782 quasi
1629 1699 1759 1760 lane
1806 1721 1906 1760 ex-

549 1783 805 1861 piaturus
859 1801 1033 1840 omne
1087 1782 1437 1860 praeteritum
1497 1780 1571 1840 de
1615 1801 1750 1840 ecus
1791 1826 1810 1854 ,
1857 1783 1907 1842 si

552 1861 626 1920 de
657 1860 968 1941 gladiatore
1010 1876 1339 1921 munerator
1365 1859 1567 1921 fuisset.
1607 1861 1751 1924 Inde
1784 1860 1907 1941 jam

550 1939 871 2001 consulares
902 1961 1140 2024 quoque
1173 1939 1454 2024 aggressus
1479 1985 1501 2012 ,
1541 1943 1598 2000 in
1643 1943 1907 2024 Apenni-

550 2043 631 2081 no
677 2020 905 2081 Lentuli
966 2025 1279 2082 exercitum
1320 2023 1634 2103 percecidit
1673 2045 1688 2083 ι
1744 2046 1781 2083 a
1825 2024 1907 2085 ud

552 2101 840 2162 Mutinam
876 2099 1007 2163 Caii
1045 2100 1233 2165 Cassii
1265 2100 1440 2162 castra
1473 2103 1710 2163 delevit.
1825 2107 1908 2164 uie·

550 2184 661 2242 bus
698 2184 877 2243 elatus
924 2182 1177 2243 vistoriis
1201 2225 1222 2255 ,
1270 2183 1342 2243 de
1386 2183 1720 2244 invadenda.
1756 2186 1906 2247 urbe

550 2261 815 2323 Romana
834 2261 1031 2344 (quod
1049 2262 1177 2324 satis
1197 2261 1278 2324 est
1297 2263 1629 2344 turpitudini
1648 2263 1906 2347 nostrae)

550 2329 911 2404 deliberavit.
951 2341 1220 2405 Tandem
1268 2344 1444 2404 etiam
1486 2347 1625 2404 totis
1670 2348 1911 2426 imperii

551 2423 772 2484 viribus
814 2441 1014 2484 contra
1051 2423 1465 2486 Mirmillonem
1496 2425 1698 2485 consur
1741 2429 1859 2487 'tur
1889 2450 1914 2502 ;

550 2504 951 2584 pudoremque
1002 2505 1332 2565 Romanum
1378 2505 1627 2566 Licinius
1671 2447 1910 2568 &assus

552 2583 813 2644 afferuit:
858 2605 889 2642 a
921 2607 1038 2666 quo
1068 2585 1214 2666 pulsi
1239 2586 1420 2670 fugati
1499 2607 1534 2646 e
1566 2585 1792 2669 (pudet
1827 2590 1915 2648 di·

550 2663 731 2746 cere)
776 2664 968 2726 hostes
1023 2667 1082 2726 in
1137 2685 1393 2729 extrema
1473 2669 1622 2729 taliae
1671 2667 1915 2750 refuge-

538 2744 700 2807 runt.
742 2744 828 2808 lbi
870 2748 1021 2810 circa
1066 2747 1356 2811 Bruttium
1397 2749 1670 2832 angulum
1711 2751 1868 2810 clusi
1891 2794 1922 2829 ‚
