2067 3667
449 270 728 343 st-r.
779 274 1089 345 Llfflm
1124 277 1228 347 ΙῙ.
1412 300 1499 375 33

163 390 470 455 ditionibus
518 389 746 452 miserat
764 437 785 467 ,
831 392 904 453 ab
937 392 1189 475 Opimio
1228 396 1511 456 interem-

163 490 298 553 ptus
343 470 438 533 est.
493 468 700 551 Quem
762 494 939 554 quum
992 474 1233 556 aruspex
1279 472 1511 539 Tuscus

160 555 371 616 amicus
410 552 650 614 flentem
690 555 751 613 in
787 554 1020 615 vincula
1060 556 1195 617 duci
1234 554 1458 619 vidisset
1482 578 1504 620 z
1544 604 1551 611 -

161 630 328 713 Quin
356 649 415 694 tu
441 634 556 694 hoc
589 634 784 716 potius
802 679 825 710 ‚
849 635 1039 717 inquit
1056 680 1079 709 ,
1098 635 1239 697 facis
1264 638 1286 699 ?
1308 640 1508 733 proti-

157 712 372 797 nusque
417 712 566 776 illiso
611 718 795 796 capite
838 717 897 775 in
942 714 1167 797 postem
1212 719 1505 801 lapideum
1541 768 1551 777 .

155 791 342 875 janua
371 796 612 856 carceris
629 840 650 870 ,
680 792 974 879 effusoque
1008 797 1247 859 cerebro
1269 844 1290 875 ,
1317 798 1505 881 exspi-

155 877 328 936 ravit.
341 872 733 959 crudelesque
753 896 892 937 mox
910 877 1257 959 quaestiones
1280 882 1339 940 in
1362 882 1504 941 ami·-

158 978 264 1017 cos
297 954 635 1040 clientesque
669 955 1069 1021 Gracchorum
1098 959 1303 1021 habitae
1338 959 1463 1021 sunt
1482 983 1503 1023 z

156 1034 264 1107 sed
298 1034 640 1120 Opimium,
670 1040 866 1099 virum
902 1038 1116 1121 alioqui
1148 1039 1401 1103 sancium
1438 1042 1507 1103 &

153 1138 434 1200 ngavem,
471 1118 808 1179 damnatum
814 1117 1039 1259 ‘postea
1067 1119 1285 1199 judicio
1316 1120 1508 1205 publi-

153 1220 266 1273 c0,
293 1202 572 1261 memoria
604 1200 779 1279 ipsius
836 1202 1041 1263 aevitiae
1064 1244 1084 1273 ,
1124 1202 1280 1261 nulla
1321 1204 1507 1264 civilis
1539 1254 1551 1261 .

199 1279 452 1341 ersecuta
495 1277 578 1341 est
615 1277 1016 1341 misericordia.
1060 1278 1284 1343 Eadem
1330 1282 1506 1345 Ruti-

153 1302 294 1423 iiam
329 1358 412 1423 Po
453 1359 747 1441 illiumque
775 1405 796 1433 ,
832 1366 930 1445 qui
966 1360 1226 1425 consules
1262 1363 1509 1445 asperti-2

153 1442 248 1503 me
293 1444 420 1503 inf
459 1440 542 1506 ib.
595 1438 847 1502 Gracchi
897 1445 1115 1505 amicos
1159 1443 1503 1519 saevierant,

152 1522 356 1605 postea
381 1519 732 1602 judiciorum
759 1524 1123 1605 publicorum
1154 1527 1363 1585 meritb
1394 1546 1507 1607 op-

151 1606 364 1684 pressit
397 1603 634 1665 invidia.
654 1602 766 1663 Rei
796 1622 966 1664 tantae
1004 1626 1208 1685 parum
1244 1606 1319 1665 ad
1351 1608 1510 1666 noti·-
1548 1644 1553 1651 ·

149 1687 294 1744 tiam
327 1686 616 1765 pertinens
650 1685 1069 1765 interponetur.
1091 1684 1201 1744 Hic
1238 1683 1318 1745 est
1354 1683 1509 1766 Opi-

146 1767 344 1841 mius,
383 1786 414 1825 a
437 1786 565 1860 quo
603 1762 834 1828 consule
871 1764 1313 1826 celeberrimum
1348 1762 1411 1827 O
1455 1768 1511 1826 i-

127 1848 334 1929 vmiani
354 1846 477 1907 vim
495 1865 711 1906 nomen
733 1866 753 1919 ;
775 1846 937 1985 quod
965 1842 1082 1925 jam
1111 1846 1333 1907 nullum
1359 1868 1389 1908 e
1438 1870 1470 1909 e
1479 1894 1511 1923 ,

145 1925 335 2009 spatio
374 1946 656 1987 annorum
701 1926 894 2009 coligi
973 1925 1124 1987 otest
1152 1950 1176 2003 3
1208 1950 1388 2009 quum
1427 1930 1513 2003 ah,

146 2028 222 2069 eo
262 2010 380 2068 sint
419 2006 496 2067 ad
532 2023 638 2079 te,
663 2005 866 2067 Marce
955 2010 1134 2083 inici,
1164 2007 1457 2072 consulem
1480 2022 1515 2087 ,⁸
1550 2060 1557 2071 .

141 2090 280 2149 anni
329 2104 565 2148 centum
611 2088 1018 2171 quinquaginta
1059 2112 1223 2151 unus.
1272 2088 1511 2152 Factum

141 2169 384 2251 Opimii
404 2214 425 2244 ,
459 2166 624 2250 qubd
657 2170 1077 2229 inimicitiarum
1120 2168 1349 2250 quaesita
1387 2185 1513 2230 erat

139 2252 300 2311 ultio
337 2293 366 2321 ‚
403 2251 597 2311 minor
649 2248 840 2310 secuta
881 2248 1181 2309 auftofitas
1218 2271 1237 2322 ;
1281 2252 1345 2311 &
1387 2248 1515 2315 visa

136 2332 294 2392 ultio
313 2375 339 2401 ,
374 2332 602 2413 privato
637 2329 776 2391 odio
809 2332 990 2412 magis
1007 2374 1039 2403 ,‚
1063 2328 1235 2411 quam
1263 2329 1513 2413 publicae

137 2408 422 2475 vindissae
458 2412 606 2472 data.
815 2471 820 2477 ,
1502 2462 1509 2471 .

219 2490 421 2553 VIII.
461 2489 715 2553 Subinde
744 2490 950 2553 Porcio
984 2490 1329 2574 Marcioque.
1370 2490 1513 2556 coss.

137 2570 400 2635 deducta
433 2572 666 2633 colonia
686 2617 707 2646 ‚
743 2575 935 2633 Narbo
965 2576 1236 2635 Martius.
1264 2572 1516 2635 Mande-

137 2673 234 2715 tur
255 2652 480 2714 deinde
501 2656 798 2713 memoriae
827 2652 1099 2713 severitas
1127 2652 1471 2734 judiciorum
1487 2678 1509 2717 τ.

137 2737 372 2824 quippe
421 2731 496 2799 C.
535 2730 700 2797 Cato.
727 2732 1038 2823 consularis
1074 2779 1099 2810 ‚
1132 2732 1227 2877 ¹3¹⁸
1270 2732 1519 2799 Catonis

1221 2837 1265 2879 v
