<?xml version="1.0" encoding="UTF-8"?>
<!DOCTYPE html PUBLIC "-//W3C//DTD XHTML 1.0 Transitional//EN"
    "http://www.w3.org/TR/xhtml1/DTD/xhtml1-transitional.dtd">
<html xmlns="http://www.w3.org/1999/xhtml" xml:lang="en" lang="en">
 <head>
  <title>
</title>
<meta http-equiv="Content-Type" content="text/html;charset=utf-8" />
  <meta name='ocr-system' content='tesseract 3.04.00' />
  <meta name='ocr-capabilities' content='ocr_page ocr_carea ocr_par ocr_line ocrx_word'/>
</head>
<body>
  <div class='ocr_page' id='page_1' title='image "./caiivelleiipate00lallgoog_0213.png"; bbox 0 0 2067 3667; ppageno 0'>
   <div class='ocr_carea' id='block_1_1' title="bbox 555 308 1526 405">
    <p class='ocr_par' dir='ltr' id='par_1_1' title="bbox 555 308 1526 405">
     <span class='ocr_line' id='line_1_1' title="bbox 555 308 1526 405; baseline 0.003 -25"><span class='ocrx_word' id='word_1_1' title='bbox 555 312 1003 380; x_wconf 68' lang='lat' dir='ltr'><em>LIBER</em></span> <span class='ocrx_word' id='word_1_2' title='bbox 1103 308 1171 381; x_wconf 87' lang='grc' dir='ltr'>Ι.</span> <span class='ocrx_word' id='word_1_3' title='bbox 1436 328 1526 405; x_wconf 81' lang='lat'>23</span> 
     </span>
    </p>
   </div>
   <div class='ocr_carea' id='block_1_2' title="bbox 179 424 1573 2853">
    <p class='ocr_par' dir='ltr' id='par_1_2' title="bbox 179 424 1573 2853">
     <span class='ocr_line' id='line_1_2' title="bbox 180 424 1536 513; baseline -0.001 -21"><span class='ocrx_word' id='word_1_4' title='bbox 180 429 373 513; x_wconf 78' lang='lat' dir='ltr'>diripit</span> <span class='ocrx_word' id='word_1_5' title='bbox 394 472 415 504; x_wconf 88' lang='lat'>,</span> <span class='ocrx_word' id='word_1_6' title='bbox 450 450 651 513; x_wconf 85' lang='lat' dir='ltr'>agrum</span> <span class='ocrx_word' id='word_1_7' title='bbox 689 428 863 489; x_wconf 88' lang='lat' dir='ltr'>Marti</span> <span class='ocrx_word' id='word_1_8' title='bbox 907 428 1009 489; x_wconf 87' lang='lat' dir='ltr'>suo</span> <span class='ocrx_word' id='word_1_9' title='bbox 1047 427 1337 489; x_wconf 88' lang='lat' dir='ltr'>consecrat</span> <span class='ocrx_word' id='word_1_10' title='bbox 1361 474 1380 503; x_wconf 94' lang='lat'>,</span> <span class='ocrx_word' id='word_1_11' title='bbox 1418 424 1536 491; x_wconf 66' lang='lat' dir='ltr'>im&#39;-</span> 
     </span>
     <span class='ocr_line' id='line_1_3' title="bbox 180 509 1534 594; baseline 0 -22"><span class='ocrx_word' id='word_1_12' title='bbox 180 516 403 594; x_wconf 87' lang='lat' dir='ltr'>perium</span> <span class='ocrx_word' id='word_1_13' title='bbox 440 514 495 571; x_wconf 89' lang='lat' dir='ltr'>in</span> <span class='ocrx_word' id='word_1_14' title='bbox 529 510 767 571; x_wconf 88' lang='lat' dir='ltr'>eosdem</span> <span class='ocrx_word' id='word_1_15' title='bbox 807 511 1082 570; x_wconf 83' lang='lat' dir='ltr'>libertatis</span> <span class='ocrx_word' id='word_1_16' title='bbox 1122 509 1232 571; x_wconf 87' lang='lat' dir='ltr'>suae</span> <span class='ocrx_word' id='word_1_17' title='bbox 1270 513 1534 572; x_wconf 89' lang='lat' dir='ltr'>vindices</span> 
     </span>
     <span class='ocr_line' id='line_1_4' title="bbox 179 591 1538 672; baseline 0.001 -19"><span class='ocrx_word' id='word_1_18' title='bbox 179 592 481 663; x_wconf 85' lang='lat' dir='ltr'>transfert,</span> <span class='ocrx_word' id='word_1_19' title='bbox 522 611 743 652; x_wconf 86' lang='lat' dir='ltr'>mutato</span> <span class='ocrx_word' id='word_1_20' title='bbox 786 609 979 651; x_wconf 85' lang='lat' dir='ltr'>tamen</span> <span class='ocrx_word' id='word_1_21' title='bbox 1014 593 1249 652; x_wconf 88' lang='lat' dir='ltr'>nomine</span> <span class='ocrx_word' id='word_1_22' title='bbox 1285 593 1348 653; x_wconf 76' lang='grc' dir='ltr'>δι</span> <span class='ocrx_word' id='word_1_23' title='bbox 1385 591 1538 672; x_wconf 81' lang='lat' dir='ltr'>jure.</span> 
     </span>
     <span class='ocr_line' id='line_1_5' title="bbox 182 672 1537 755; baseline 0.002 -23"><span class='ocrx_word' id='word_1_24' title='bbox 182 672 349 755; x_wconf 87' lang='lat' dir='ltr'>Quip</span> <span class='ocrx_word' id='word_1_25' title='bbox 396 694 427 732; x_wconf 88' lang='lat' dir='ltr'>e</span> <span class='ocrx_word' id='word_1_26' title='bbox 461 694 533 733; x_wconf 83' lang='lat' dir='ltr'>ex</span> <span class='ocrx_word' id='word_1_27' title='bbox 565 690 852 754; x_wconf 88' lang='lat' dir='ltr'>perpetuo</span> <span class='ocrx_word' id='word_1_28' title='bbox 888 693 1138 733; x_wconf 85' lang='lat' dir='ltr'>annuum</span> <span class='ocrx_word' id='word_1_29' title='bbox 1175 672 1425 753; x_wconf 84' lang='lat' dir='ltr'>placuit,</span> <span class='ocrx_word' id='word_1_30' title='bbox 1463 694 1537 735; x_wconf 83' lang='lat' dir='ltr'>ex</span> 
     </span>
     <span class='ocr_line' id='line_1_6' title="bbox 184 697 1537 837; baseline 0.001 -23"><span class='ocrx_word' id='word_1_31' title='bbox 184 697 453 837; x_wconf 56' lang='lat' dir='ltr'>singulari</span> <span class='ocrx_word' id='word_1_32' title='bbox 485 754 699 835; x_wconf 84' lang='lat' dir='ltr'>duplex</span> <span class='ocrx_word' id='word_1_33' title='bbox 726 799 745 825; x_wconf 84' lang='lat'>‚</span> <span class='ocrx_word' id='word_1_34' title='bbox 784 774 856 814; x_wconf 88' lang='lat' dir='ltr'>ne</span> <span class='ocrx_word' id='word_1_35' title='bbox 898 754 1148 835; x_wconf 86' lang='lat' dir='ltr'>potestas</span> <span class='ocrx_word' id='word_1_36' title='bbox 1189 752 1494 815; x_wconf 86' lang='lat' dir='ltr'>solitudine</span> <span class='ocrx_word' id='word_1_37' title='bbox 1516 798 1537 828; x_wconf 91' lang='lat'>,</span> 
     </span>
     <span class='ocr_line' id='line_1_7' title="bbox 180 832 1541 916; baseline 0 -21"><span class='ocrx_word' id='word_1_38' title='bbox 180 837 281 895; x_wconf 84' lang='lat' dir='ltr'>vel</span> <span class='ocrx_word' id='word_1_39' title='bbox 314 835 477 895; x_wconf 61' lang='lat' dir='ltr'>mora</span> <span class='ocrx_word' id='word_1_40' title='bbox 507 852 970 915; x_wconf 87' lang='lat' dir='ltr'>corrumperetur</span> <span class='ocrx_word' id='word_1_41' title='bbox 996 857 1015 909; x_wconf 99' lang='lat'>3</span> <span class='ocrx_word' id='word_1_42' title='bbox 1040 832 1409 916; x_wconf 88' lang='lat' dir='ltr'>consulesque</span> <span class='ocrx_word' id='word_1_43' title='bbox 1439 856 1541 916; x_wconf 86' lang='lat' dir='ltr'>ap-</span> 
     </span>
     <span class='ocr_line' id='line_1_8' title="bbox 229 912 1540 997; baseline -0.001 -22"><span class='ocrx_word' id='word_1_44' title='bbox 229 915 421 975; x_wconf 90' lang='lat' dir='ltr'>ellavit</span> <span class='ocrx_word' id='word_1_45' title='bbox 456 936 563 996; x_wconf 86' lang='lat' dir='ltr'>pro</span> <span class='ocrx_word' id='word_1_46' title='bbox 598 916 824 997; x_wconf 87' lang='lat' dir='ltr'>regibus</span> <span class='ocrx_word' id='word_1_47' title='bbox 848 958 868 987; x_wconf 87' lang='lat'>,</span> <span class='ocrx_word' id='word_1_48' title='bbox 894 931 957 975; x_wconf 90' lang='lat' dir='ltr'>ut</span> <span class='ocrx_word' id='word_1_49' title='bbox 990 912 1284 975; x_wconf 87' lang='lat' dir='ltr'>consulere</span> <span class='ocrx_word' id='word_1_50' title='bbox 1312 916 1366 974; x_wconf 90' lang='lat' dir='ltr'>se</span> <span class='ocrx_word' id='word_1_51' title='bbox 1401 918 1540 976; x_wconf 88' lang='lat' dir='ltr'>civi·-</span> 
     </span>
     <span class='ocr_line' id='line_1_9' title="bbox 184 938 1540 1076; baseline -0.001 -19"><span class='ocrx_word' id='word_1_52' title='bbox 184 938 295 1057; x_wconf 58' lang='lat' dir='ltr'>bus</span> <span class='ocrx_word' id='word_1_53' title='bbox 330 992 441 1055; x_wconf 91' lang='lat' dir='ltr'>suis</span> <span class='ocrx_word' id='word_1_54' title='bbox 480 996 693 1055; x_wconf 89' lang='lat' dir='ltr'>debere</span> <span class='ocrx_word' id='word_1_55' title='bbox 738 993 1137 1055; x_wconf 77' lang='lat' dir='ltr'>meminiss&#39;ent.</span> <span class='ocrx_word' id='word_1_56' title='bbox 1165 992 1540 1076; x_wconf 85' lang='lat' dir='ltr'>Tantumque</span> 
     </span>
     <span class='ocr_line' id='line_1_10' title="bbox 188 1072 1544 1155; baseline 0.001 -20"><span class='ocrx_word' id='word_1_57' title='bbox 188 1076 466 1136; x_wconf 83' lang='lat' dir='ltr'>libertatis</span> <span class='ocrx_word' id='word_1_58' title='bbox 498 1097 670 1135; x_wconf 84' lang='lat' dir='ltr'>novae</span> <span class='ocrx_word' id='word_1_59' title='bbox 705 1075 973 1155; x_wconf 87' lang='lat' dir='ltr'>gaudium</span> <span class='ocrx_word' id='word_1_60' title='bbox 992 1072 1287 1135; x_wconf 84' lang='lat' dir='ltr'>incefferat</span> <span class='ocrx_word' id='word_1_61' title='bbox 1306 1120 1326 1149; x_wconf 87' lang='lat'>,</span> <span class='ocrx_word' id='word_1_62' title='bbox 1355 1092 1419 1135; x_wconf 87' lang='lat' dir='ltr'>ut</span> <span class='ocrx_word' id='word_1_63' title='bbox 1441 1078 1544 1136; x_wconf 82' lang='lat' dir='ltr'>vix</span> 
     </span>
     <span class='ocr_line' id='line_1_11' title="bbox 190 1152 1545 1238; baseline 0 -21"><span class='ocrx_word' id='word_1_64' title='bbox 190 1157 395 1217; x_wconf 86' lang='lat' dir='ltr'>mutati</span> <span class='ocrx_word' id='word_1_65' title='bbox 428 1152 597 1215; x_wconf 71' lang='lat' dir='ltr'>statiis</span> <span class='ocrx_word' id='word_1_66' title='bbox 631 1154 808 1215; x_wconf 86' lang='lat' dir='ltr'>fidem</span> <span class='ocrx_word' id='word_1_67' title='bbox 843 1172 1113 1236; x_wconf 88' lang='lat' dir='ltr'>caperent</span> <span class='ocrx_word' id='word_1_68' title='bbox 1137 1177 1158 1231; x_wconf 92' lang='lat'>3</span> <span class='ocrx_word' id='word_1_69' title='bbox 1186 1155 1545 1238; x_wconf 86' lang='lat' dir='ltr'>alterumque</span> 
     </span>
     <span class='ocr_line' id='line_1_12' title="bbox 196 1232 1548 1321; baseline 0.001 -24"><span class='ocrx_word' id='word_1_70' title='bbox 196 1256 270 1297; x_wconf 84' lang='lat' dir='ltr'>ex</span> <span class='ocrx_word' id='word_1_71' title='bbox 310 1232 631 1295; x_wconf 90' lang='lat' dir='ltr'>consulibus</span> <span class='ocrx_word' id='word_1_72' title='bbox 655 1281 672 1307; x_wconf 94' lang='lat'>,</span> <span class='ocrx_word' id='word_1_73' title='bbox 713 1238 931 1295; x_wconf 74' lang='lat' dir='ltr'>tantum</span> <span class='ocrx_word' id='word_1_74' title='bbox 970 1236 1049 1296; x_wconf 92' lang='lat' dir='ltr'>ob</span> <span class='ocrx_word' id='word_1_75' title='bbox 1087 1258 1302 1297; x_wconf 87' lang='lat' dir='ltr'>nomen</span> <span class='ocrx_word' id='word_1_76' title='bbox 1339 1238 1402 1299; x_wconf 88' lang='lat'>&amp;</span> <span class='ocrx_word' id='word_1_77' title='bbox 1441 1258 1548 1321; x_wconf 90' lang='lat' dir='ltr'>ge-</span> 
     </span>
     <span class='ocr_line' id='line_1_13' title="bbox 195 1314 1546 1399; baseline 0.001 -22"><span class='ocrx_word' id='word_1_78' title='bbox 195 1337 302 1377; x_wconf 86' lang='lat' dir='ltr'>nus</span> <span class='ocrx_word' id='word_1_79' title='bbox 342 1317 601 1399; x_wconf 87' lang='lat' dir='ltr'>regium,</span> <span class='ocrx_word' id='word_1_80' title='bbox 637 1314 875 1376; x_wconf 87' lang='lat' dir='ltr'>fascibus</span> <span class='ocrx_word' id='word_1_81' title='bbox 911 1316 1230 1399; x_wconf 85' lang='lat' dir='ltr'>abrogatis,</span> <span class='ocrx_word' id='word_1_82' title='bbox 1258 1317 1420 1379; x_wconf 87' lang='lat' dir='ltr'>Urbe</span> <span class='ocrx_word' id='word_1_83' title='bbox 1457 1318 1546 1378; x_wconf 91' lang='lat' dir='ltr'>di-</span> 
     </span>
     <span class='ocr_line' id='line_1_14' title="bbox 196 1394 1546 1480; baseline 0.001 -22"><span class='ocrx_word' id='word_1_84' title='bbox 196 1398 509 1458; x_wconf 87' lang='lat' dir='ltr'>mitterent.</span> <span class='ocrx_word' id='word_1_85' title='bbox 553 1394 751 1480; x_wconf 89' lang='lat' dir='ltr'>Itaque</span> <span class='ocrx_word' id='word_1_86' title='bbox 786 1396 1110 1458; x_wconf 89' lang='lat' dir='ltr'>substitutus</span> <span class='ocrx_word' id='word_1_87' title='bbox 1134 1396 1398 1458; x_wconf 86' lang='lat' dir='ltr'>Valerius</span> <span class='ocrx_word' id='word_1_88' title='bbox 1431 1398 1546 1459; x_wconf 88' lang='lat' dir='ltr'>Pu-</span> 
     </span>
     <span class='ocr_line' id='line_1_15' title="bbox 192 1477 1548 1551; baseline 0.002 -13"><span class='ocrx_word' id='word_1_89' title='bbox 192 1477 449 1551; x_wconf 83' lang='lat' dir='ltr'>blicola,</span> <span class='ocrx_word' id='word_1_90' title='bbox 485 1497 557 1537; x_wconf 86' lang='lat' dir='ltr'>ex</span> <span class='ocrx_word' id='word_1_91' title='bbox 594 1477 817 1538; x_wconf 89' lang='lat' dir='ltr'>summo</span> <span class='ocrx_word' id='word_1_92' title='bbox 854 1477 1039 1538; x_wconf 89' lang='lat' dir='ltr'>studio</span> <span class='ocrx_word' id='word_1_93' title='bbox 1075 1481 1312 1538; x_wconf 86' lang='lat' dir='ltr'>annixus</span> <span class='ocrx_word' id='word_1_94' title='bbox 1353 1478 1436 1540; x_wconf 86' lang='lat' dir='ltr'>est</span> <span class='ocrx_word' id='word_1_95' title='bbox 1471 1479 1548 1541; x_wconf 88' lang='lat' dir='ltr'>ad</span> 
     </span>
     <span class='ocr_line' id='line_1_16' title="bbox 196 1557 1550 1641; baseline 0.003 -24"><span class='ocrx_word' id='word_1_96' title='bbox 196 1558 517 1641; x_wconf 84' lang='lat' dir='ltr'>augendam</span> <span class='ocrx_word' id='word_1_97' title='bbox 550 1558 714 1619; x_wconf 88' lang='lat' dir='ltr'>liberi</span> <span class='ocrx_word' id='word_1_98' title='bbox 747 1558 949 1640; x_wconf 91' lang='lat' dir='ltr'>populi</span> <span class='ocrx_word' id='word_1_99' title='bbox 978 1557 1355 1635; x_wconf 77' lang='lat' dir='ltr'>majestatem.</span> <span class='ocrx_word' id='word_1_100' title='bbox 1389 1559 1550 1621; x_wconf 87' lang='lat' dir='ltr'>Nam</span> 
     </span>
     <span class='ocr_line' id='line_1_17' title="bbox 202 1636 1550 1721; baseline 0.001 -22"><span class='ocrx_word' id='word_1_101' title='bbox 202 1639 269 1699; x_wconf 90' lang='lat'>&amp;</span> <span class='ocrx_word' id='word_1_102' title='bbox 293 1636 470 1697; x_wconf 86' lang='lat' dir='ltr'>fasces</span> <span class='ocrx_word' id='word_1_103' title='bbox 504 1639 557 1697; x_wconf 91' lang='lat' dir='ltr'>ei</span> <span class='ocrx_word' id='word_1_104' title='bbox 591 1661 697 1721; x_wconf 87' lang='lat' dir='ltr'>pro</span> <span class='ocrx_word' id='word_1_105' title='bbox 735 1641 1016 1698; x_wconf 90' lang='lat' dir='ltr'>concione</span> <span class='ocrx_word' id='word_1_106' title='bbox 1049 1636 1339 1713; x_wconf 86' lang='lat' dir='ltr'>submisit,</span> <span class='ocrx_word' id='word_1_107' title='bbox 1371 1638 1550 1719; x_wconf 83' lang='lat' dir='ltr'>&amp;jus</span> 
     </span>
     <span class='ocr_line' id='line_1_18' title="bbox 198 1715 1550 1801; baseline 0.004 -25"><span class='ocrx_word' id='word_1_108' title='bbox 198 1718 637 1801; x_wconf 86' lang='lat' dir='ltr'>provocationis</span> <span class='ocrx_word' id='word_1_109' title='bbox 668 1715 938 1780; x_wconf 88' lang='lat' dir='ltr'>adversus</span> <span class='ocrx_word' id='word_1_110' title='bbox 969 1716 1120 1800; x_wconf 90' lang='lat' dir='ltr'>ipsos</span> <span class='ocrx_word' id='word_1_111' title='bbox 1148 1719 1307 1780; x_wconf 90' lang='lat' dir='ltr'>dedit</span> <span class='ocrx_word' id='word_1_112' title='bbox 1338 1743 1351 1781; x_wconf 91' lang='lat'>:</span> <span class='ocrx_word' id='word_1_113' title='bbox 1382 1722 1447 1782; x_wconf 88' lang='lat'>&amp;</span> <span class='ocrx_word' id='word_1_114' title='bbox 1474 1741 1550 1781; x_wconf 87' lang='lat' dir='ltr'>ne</span> 
     </span>
     <span class='ocr_line' id='line_1_19' title="bbox 200 1796 1550 1871; baseline 0.001 -12"><span class='ocrx_word' id='word_1_115' title='bbox 200 1796 237 1859; x_wconf 89' lang='lat' dir='ltr'>s</span> <span class='ocrx_word' id='word_1_116' title='bbox 272 1800 393 1859; x_wconf 89' lang='lat' dir='ltr'>ecie</span> <span class='ocrx_word' id='word_1_117' title='bbox 440 1800 581 1857; x_wconf 88' lang='lat' dir='ltr'>arcis</span> <span class='ocrx_word' id='word_1_118' title='bbox 633 1798 993 1871; x_wconf 89' lang='lat' dir='ltr'>offenderet,</span> <span class='ocrx_word' id='word_1_119' title='bbox 1031 1801 1352 1861; x_wconf 87' lang='lat' dir='ltr'>eminentes</span> <span class='ocrx_word' id='word_1_120' title='bbox 1395 1800 1550 1861; x_wconf 87' lang='lat' dir='ltr'>aedes</span> 
     </span>
     <span class='ocr_line' id='line_1_20' title="bbox 204 1821 1552 1960; baseline 0.001 -20"><span class='ocrx_word' id='word_1_121' title='bbox 204 1821 328 1940; x_wconf 61' lang='lat' dir='ltr'>{iias</span> <span class='ocrx_word' id='word_1_122' title='bbox 359 1881 417 1939; x_wconf 86' lang='lat' dir='ltr'>in</span> <span class='ocrx_word' id='word_1_123' title='bbox 453 1878 618 1960; x_wconf 90' lang='lat' dir='ltr'>plana</span> <span class='ocrx_word' id='word_1_124' title='bbox 644 1879 920 1940; x_wconf 86' lang='lat' dir='ltr'>submisit.</span> <span class='ocrx_word' id='word_1_125' title='bbox 942 1878 1146 1940; x_wconf 83' lang='lat' dir='ltr'>Brutus</span> <span class='ocrx_word' id='word_1_126' title='bbox 1179 1883 1328 1941; x_wconf 78' lang='lat' dir='ltr'>verb</span> <span class='ocrx_word' id='word_1_127' title='bbox 1360 1880 1552 1955; x_wconf 77' lang='lat' dir='ltr'>favori</span> 
     </span>
     <span class='ocr_line' id='line_1_21' title="bbox 206 1958 1555 2043; baseline 0.003 -24"><span class='ocrx_word' id='word_1_128' title='bbox 206 1962 427 2019; x_wconf 87' lang='lat' dir='ltr'>civium</span> <span class='ocrx_word' id='word_1_129' title='bbox 466 1962 641 2019; x_wconf 86' lang='lat' dir='ltr'>etiarn</span> <span class='ocrx_word' id='word_1_130' title='bbox 683 1961 889 2022; x_wconf 70' lang='lat' dir='ltr'>domus</span> <span class='ocrx_word' id='word_1_131' title='bbox 928 1958 1039 2019; x_wconf 85' lang='lat' dir='ltr'>suae</span> <span class='ocrx_word' id='word_1_132' title='bbox 1076 1960 1237 2022; x_wconf 85' lang='lat' dir='ltr'>clade</span> <span class='ocrx_word' id='word_1_133' title='bbox 1273 1965 1338 2023; x_wconf 79' lang='grc' dir='ltr'>ὅτ.</span> <span class='ocrx_word' id='word_1_134' title='bbox 1373 1966 1555 2043; x_wconf 88' lang='lat' dir='ltr'>parri-</span> 
     </span>
     <span class='ocr_line' id='line_1_22' title="bbox 206 2038 1556 2124; baseline 0.002 -23"><span class='ocrx_word' id='word_1_135' title='bbox 206 2040 365 2101; x_wconf 89' lang='lat' dir='ltr'>cidio</span> <span class='ocrx_word' id='word_1_136' title='bbox 408 2038 729 2102; x_wconf 83' lang='lat' dir='ltr'>velificatus</span> <span class='ocrx_word' id='word_1_137' title='bbox 785 2040 887 2102; x_wconf 83' lang='lat' dir='ltr'>est.</span> <span class='ocrx_word' id='word_1_138' title='bbox 932 2040 1175 2123; x_wconf 85' lang='lat' dir='ltr'>Quippe</span> <span class='ocrx_word' id='word_1_139' title='bbox 1217 2064 1396 2124; x_wconf 89' lang='lat' dir='ltr'>quum</span> <span class='ocrx_word' id='word_1_140' title='bbox 1439 2042 1556 2104; x_wconf 86' lang='lat' dir='ltr'>stu-</span> 
     </span>
     <span class='ocr_line' id='line_1_23' title="bbox 212 2120 1557 2203; baseline 0.003 -23"><span class='ocrx_word' id='word_1_141' title='bbox 212 2120 353 2180; x_wconf 88' lang='lat' dir='ltr'>dere</span> <span class='ocrx_word' id='word_1_142' title='bbox 383 2122 723 2181; x_wconf 87' lang='lat' dir='ltr'>revocandis</span> <span class='ocrx_word' id='word_1_143' title='bbox 754 2124 813 2181; x_wconf 88' lang='lat' dir='ltr'>in</span> <span class='ocrx_word' id='word_1_144' title='bbox 834 2121 1063 2182; x_wconf 87' lang='lat' dir='ltr'>Urbem</span> <span class='ocrx_word' id='word_1_145' title='bbox 1088 2125 1314 2203; x_wconf 84' lang='lat' dir='ltr'>regibus</span> <span class='ocrx_word' id='word_1_146' title='bbox 1344 2124 1557 2184; x_wconf 87' lang='lat' dir='ltr'>liberos</span> 
     </span>
     <span class='ocr_line' id='line_1_24' title="bbox 210 2200 1561 2282; baseline 0.002 -20"><span class='ocrx_word' id='word_1_147' title='bbox 210 2200 345 2262; x_wconf 88' lang='lat' dir='ltr'>suos</span> <span class='ocrx_word' id='word_1_148' title='bbox 384 2200 745 2281; x_wconf 80' lang='lat' dir='ltr'>comperiss&#39;et</span> <span class='ocrx_word' id='word_1_149' title='bbox 767 2246 786 2275; x_wconf 94' lang='lat'>,</span> <span class='ocrx_word' id='word_1_150' title='bbox 825 2204 1101 2282; x_wconf 80' lang='lat' dir='ltr'>protraxit</span> <span class='ocrx_word' id='word_1_151' title='bbox 1134 2205 1193 2261; x_wconf 91' lang='lat' dir='ltr'>in</span> <span class='ocrx_word' id='word_1_152' title='bbox 1225 2202 1416 2263; x_wconf 86' lang='lat' dir='ltr'>forum</span> <span class='ocrx_word' id='word_1_153' title='bbox 1439 2248 1460 2278; x_wconf 89' lang='lat'>,</span> <span class='ocrx_word' id='word_1_154' title='bbox 1495 2206 1561 2265; x_wconf 88' lang='lat'>&amp;</span> 
     </span>
     <span class='ocr_line' id='line_1_25' title="bbox 212 2281 1560 2363; baseline 0.001 -20"><span class='ocrx_word' id='word_1_155' title='bbox 212 2283 499 2343; x_wconf 88' lang='lat' dir='ltr'>concione</span> <span class='ocrx_word' id='word_1_156' title='bbox 535 2281 730 2342; x_wconf 65' lang='lat' dir='ltr'>media</span> <span class='ocrx_word' id='word_1_157' title='bbox 765 2284 941 2363; x_wconf 84' lang='lat' dir='ltr'>virgis</span> <span class='ocrx_word' id='word_1_158' title='bbox 978 2283 1234 2355; x_wconf 80' lang='lat' dir='ltr'>cecidit,</span> <span class='ocrx_word' id='word_1_159' title='bbox 1276 2286 1339 2346; x_wconf 87' lang='lat'>&amp;</span> <span class='ocrx_word' id='word_1_160' title='bbox 1377 2284 1560 2345; x_wconf 87' lang='lat' dir='ltr'>securi</span> 
     </span>
     <span class='ocr_line' id='line_1_26' title="bbox 214 2362 1561 2445; baseline 0.003 -24"><span class='ocrx_word' id='word_1_161' title='bbox 214 2364 499 2445; x_wconf 83' lang='lat' dir='ltr'>percussit</span> <span class='ocrx_word' id='word_1_162' title='bbox 525 2384 541 2421; x_wconf 76' lang='grc' dir='ltr'><em>τ</em></span> <span class='ocrx_word' id='word_1_163' title='bbox 570 2378 633 2423; x_wconf 89' lang='lat' dir='ltr'>ut</span> <span class='ocrx_word' id='word_1_164' title='bbox 665 2362 833 2444; x_wconf 74' lang='lat' dir='ltr'>plane</span> <span class='ocrx_word' id='word_1_165' title='bbox 868 2362 1128 2442; x_wconf 83' lang='lat' dir='ltr'>publicus</span> <span class='ocrx_word' id='word_1_166' title='bbox 1151 2385 1357 2445; x_wconf 87' lang='lat' dir='ltr'>parens</span> <span class='ocrx_word' id='word_1_167' title='bbox 1384 2367 1442 2425; x_wconf 89' lang='lat' dir='ltr'>in</span> <span class='ocrx_word' id='word_1_168' title='bbox 1470 2367 1561 2425; x_wconf 91' lang='lat' dir='ltr'>lo-</span> 
     </span>
     <span class='ocr_line' id='line_1_27' title="bbox 218 2441 1564 2525; baseline 0.004 -24"><span class='ocrx_word' id='word_1_169' title='bbox 218 2462 354 2501; x_wconf 90' lang='lat' dir='ltr'>cum</span> <span class='ocrx_word' id='word_1_170' title='bbox 404 2443 720 2503; x_wconf 86' lang='lat' dir='ltr'>liberorum</span> <span class='ocrx_word' id='word_1_171' title='bbox 774 2441 1065 2525; x_wconf 64' lang='lat' dir='ltr'>adoptasse</span> <span class='ocrx_word' id='word_1_172' title='bbox 1123 2445 1228 2503; x_wconf 88' lang='lat' dir='ltr'>sibi</span> <span class='ocrx_word' id='word_1_173' title='bbox 1279 2466 1358 2524; x_wconf 91' lang='lat' dir='ltr'>po</span> <span class='ocrx_word' id='word_1_174' title='bbox 1402 2447 1564 2507; x_wconf 87' lang='lat' dir='ltr'>ulum</span> 
     </span>
     <span class='ocr_line' id='line_1_28' title="bbox 219 2466 1568 2607; baseline 0.005 -25"><span class='ocrx_word' id='word_1_175' title='bbox 219 2522 533 2585; x_wconf 86' lang='lat' dir='ltr'>videretur.</span> <span class='ocrx_word' id='word_1_176' title='bbox 555 2523 728 2585; x_wconf 86' lang='lat' dir='ltr'>Liber</span> <span class='ocrx_word' id='word_1_177' title='bbox 754 2521 870 2603; x_wconf 83' lang='lat' dir='ltr'>jam</span> <span class='ocrx_word' id='word_1_178' title='bbox 905 2524 1034 2584; x_wconf 87' lang='lat' dir='ltr'>hinc</span> <span class='ocrx_word' id='word_1_179' title='bbox 1067 2525 1316 2607; x_wconf 89' lang='lat' dir='ltr'>populus</span> <span class='ocrx_word' id='word_1_180' title='bbox 1348 2466 1568 2589; x_wconf 50' lang='lat' dir='ltr'>{oma-</span> 
     </span>
     <span class='ocr_line' id='line_1_29' title="bbox 222 2603 1570 2689; baseline 0.002 -25"><span class='ocrx_word' id='word_1_181' title='bbox 222 2624 330 2664; x_wconf 86' lang='lat' dir='ltr'>nus</span> <span class='ocrx_word' id='word_1_182' title='bbox 371 2604 553 2685; x_wconf 87' lang='lat' dir='ltr'>prima</span> <span class='ocrx_word' id='word_1_183' title='bbox 586 2603 851 2666; x_wconf 85' lang='lat' dir='ltr'>adversus</span> <span class='ocrx_word' id='word_1_184' title='bbox 892 2623 1121 2665; x_wconf 81' lang='lat' dir='ltr'>exteros</span> <span class='ocrx_word' id='word_1_185' title='bbox 1161 2626 1314 2665; x_wconf 87' lang='lat' dir='ltr'>arma</span> <span class='ocrx_word' id='word_1_186' title='bbox 1348 2629 1454 2689; x_wconf 87' lang='lat' dir='ltr'>pro</span> <span class='ocrx_word' id='word_1_187' title='bbox 1495 2608 1570 2669; x_wconf 82' lang='lat' dir='ltr'>li-</span> 
     </span>
     <span class='ocr_line' id='line_1_30' title="bbox 222 2682 1569 2767; baseline 0.004 -22"><span class='ocrx_word' id='word_1_188' title='bbox 222 2684 448 2745; x_wconf 83' lang='lat' dir='ltr'>bertate</span> <span class='ocrx_word' id='word_1_189' title='bbox 472 2687 781 2767; x_wconf 88' lang='lat' dir='ltr'>corripuit3</span> <span class='ocrx_word' id='word_1_190' title='bbox 802 2706 941 2746; x_wconf 82' lang='lat' dir='ltr'>mox</span> <span class='ocrx_word' id='word_1_191' title='bbox 1000 2707 1067 2745; x_wconf 92' lang='lat' dir='ltr'>ro</span> <span class='ocrx_word' id='word_1_192' title='bbox 1087 2682 1294 2746; x_wconf 88' lang='lat' dir='ltr'>finibus</span> <span class='ocrx_word' id='word_1_193' title='bbox 1315 2710 1334 2762; x_wconf 92' lang='lat'>3</span> <span class='ocrx_word' id='word_1_194' title='bbox 1357 2688 1569 2751; x_wconf 83' lang='lat' dir='ltr'>deinde</span> 
     </span>
     <span class='ocr_line' id='line_1_31' title="bbox 224 2708 1573 2853; baseline 0.004 -29"><span class='ocrx_word' id='word_1_195' title='bbox 224 2785 335 2847; x_wconf 90' lang='lat' dir='ltr'>pro</span> <span class='ocrx_word' id='word_1_196' title='bbox 368 2760 531 2828; x_wconf 87' lang='lat' dir='ltr'>sociis</span> <span class='ocrx_word' id='word_1_197' title='bbox 563 2786 589 2843; x_wconf 87' lang='lat'>3</span> <span class='ocrx_word' id='word_1_198' title='bbox 618 2783 741 2829; x_wconf 88' lang='lat' dir='ltr'>tum</span> <span class='ocrx_word' id='word_1_199' title='bbox 776 2788 884 2851; x_wconf 84' lang='lat' dir='ltr'>pro</span> <span class='ocrx_word' id='word_1_200' title='bbox 921 2708 1144 2851; x_wconf 62' lang='lat' dir='ltr'>gforia,</span> <span class='ocrx_word' id='word_1_201' title='bbox 1183 2767 1247 2831; x_wconf 86' lang='lat'>&amp;</span> <span class='ocrx_word' id='word_1_202' title='bbox 1281 2770 1528 2853; x_wconf 86' lang='lat' dir='ltr'>imperio</span> <span class='ocrx_word' id='word_1_203' title='bbox 1543 2776 1573 2843; x_wconf 67' lang='lat'>⁶,</span> 
     </span>
    </p>
   </div>
  </div>
 </body>
</html>
