2067 3667
590 361 724 412 100
853 339 925 410 C.
983 339 1247 410 VELL.
1300 341 1684 410 Pareae.

583 455 890 520 Caesetium
935 458 1195 520 tribunos
1237 458 1464 541 plebis,
1501 458 1640 519 dum
1688 479 1746 518 ar
1788 473 1931 521 uunt

582 541 642 603 in
675 563 750 602 eo
782 540 941 622 regni
978 533 1332 600 voluntatem
1356 585 1375 613 ‚
1406 560 1556 621 pene
1589 542 1709 600 vim
1783 542 1933 601 omi-

579 623 829 681 nationis
863 637 1151 700 expertos.
1187 618 1253 679 In
1289 621 1400 680 hoc
1441 638 1633 680 tamen
1665 619 1814 701 saepe
1849 622 1930 682 la·-

581 703 773 761 cessiti
811 703 1085 782 principis
1126 703 1210 760 ira
1250 703 1491 761 excessit
1517 746 1537 775 ,
1571 716 1635 761 ut
1674 699 1932 762 censoria

579 783 775 862 potius
809 797 1113 842 contentus
1146 781 1287 840 nota
1308 825 1329 852 ‚
1360 780 1532 864 quam
1572 782 1933 844 animadver-

581 865 747 922 sione
779 859 1118 937 dietatoria,
1141 859 1532 922 summoveret
1561 881 1665 922 eos
1696 883 1731 921 a
1760 882 1932 943 repu-

579 941 758 1011 blica,
777 940 1188 1025 testareturque
1204 987 1223 1016 ,
1250 939 1361 1001 esse
1385 942 1493 1001 sibi
1520 940 1930 1018 miserrimum,

583 1023 745 1104 quod
766 1041 860 1082 aut
881 1025 1080 1084 natura
1110 1021 1205 1082 sua
1229 1023 1281 1082 ei
1316 1022 1713 1083 excedendum
1743 1021 1892 1083 foret
1908 1069 1929 1094 ,

581 1122 680 1166 aut
727 1103 1037 1163 minuenda
1078 1103 1341 1186 dignitas,
1385 1101 1502 1164 Sed
1546 1103 1621 1163 ad
1668 1103 1933 1164 ordinem

583 1185 992 1245 revertendum
1037 1182 1136 1244 est.
1656 1253 1661 1260 Ι

666 1263 920 1324 LXIX.
961 1262 1089 1324 Jam
1133 1263 1197 1324 &
1235 1261 1549 1324 Dolabella
1584 1265 1643 1323 in
1678 1262 1821 1324 Asia
1858 1261 1935 1327 C.

585 1343 948 1406 Trebonium
985 1341 1339 1403 consularem
1364 1390 1383 1419 ,
1422 1347 1513 1405 cui
1548 1341 1886 1404 succedebat
1912 1388 1933 1418 ,

585 1423 787 1484 fraude
826 1424 1137 1504 deceptum
1158 1469 1179 1497 ‚
1212 1421 1474 1504 Smyrnae
1500 1423 1823 1498 occiderat,
1846 1427 1937 1487 vi·-

586 1507 720 1566 'rum
764 1505 1040 1568 adversus
1089 1507 1295 1564 merita
1345 1503 1582 1566 Caesaris
1625 1507 1936 1589 ingratissi-

588 1606 754 1646 mum
784 1632 801 1656 ,
841 1587 1294 1668 participemque
1331 1585 1503 1646 caedis
1544 1583 1704 1664 ejus,
1738 1607 1773 1645 a
1855 1607 1934 1646 uo

585 1665 712 1748 'ipse
740 1670 798 1726 in
833 1665 1125 1728 consulare
1157 1664 1465 1748 provectus
1494 1665 1774 1749 fastigium
1834 1685 1934 1726 ue-

589 1765 676 1810 rat
694 1749 790 1808 t&
813 1745 886 1807 C.
905 1745 1138 1808 Cassius
1154 1793 1173 1822 ,
1200 1749 1444 1829 acceptis
1463 1767 1495 1806 a
1518 1746 1701 1807 Statio
1726 1744 1933 1806 Murco

585 1830 659 1889 ’δι
689 1825 895 1908 Crispo
930 1827 1155 1888 Marcio
1174 1875 1190 1898 ‚
1215 1829 1491 1909 praetoriis
1522 1830 1660 1888 viris
1689 1829 1936 1910 impera-

587 1906 923 1990 'toribusque
940 1955 959 1982 ,
979 1907 1298 1990 praevalidis
1318 1911 1374 1966 in
1393 1905 1561 1988 Syria
1582 1907 1899 1991 legionibus
1911 1951 1935 1982 ,

589 1987 870 2049 inclusum
919 1986 1289 2050 Dolabellam
1324 2033 1344 2062 ‚
1391 1989 1489 2070 qui
1541 1987 1937 2070 praeoccupata

593 2067 738 2130 Asia
777 2071 836 2127 in
875 2066 1105 2150 Syriam
1145 2084 1485 2151 pervenerat
1521 2113 1544 2140 ,
1582 2069 1883 2131 Laodiceae
1914 2114 1935 2139 ,

594 2171 743 2231 expu
787 2151 914 2210 nata
940 2149 1010 2210 ea
1044 2149 1183 2209 urbe
1203 2195 1223 2224 ,
1253 2157 1485 2231 ceperat
1504 2194 1523 2223 ‚
1553 2151 1629 2210 ita
1657 2167 1847 2210 tamen
1875 2166 1939 2210 ut

591 2231 670 2296 ad
708 2171 879 2290 igum
929 2227 1081 2313 servi
1118 2228 1197 2288 sui
1236 2227 1542 2290 Dolabella
1591 2251 1709 2289 non
1754 2229 1939 2313 segni-

592 2329 682 2376 ter
709 2313 996 2372 cervicem
1027 2311 1226 2382 daret3
1258 2312 1323 2371 δι
1356 2310 1557 2369 decem
1592 2310 1647 2368 le
1688 2312 1851 2370 'ones
1880 2311 1937 2370 in

597 2411 674 2455 eo
718 2389 893 2450 traciu
929 2388 1008 2447 sui
1049 2387 1185 2467 juris
1222 2387 1472 2447 fecerat:
1509 2389 1573 2447 &
1685 2435 1697 2446 .
1730 2387 1935 2462 Brutus

597 2469 670 2532 C.
697 2470 956 2532 Antonio
985 2466 1141 2528 fratri
1175 2466 1261 2526 M.
1292 2465 1537 2527 Antonii
1568 2470 1625 2528 in
1654 2467 1938 2530 Macedo·

591 2552 684 2616 nia
708 2593 728 2622 ‚
755 2547 1110 2628 'Vatinioque
1137 2549 1287 2606 circa
1307 2545 1697 2630 Dyrrachium
1729 2550 1938 2610 volen-

579 2645 682 2688 ‘tes
736 2628 991 2709 legiones
1042 2625 1351 2688 extorserat
1395 2651 1414 2704 ;
1458 2627 1557 2689 sed
1610 2629 1934 2690 Antonium

589 2709 754 2787 bello
778 2710 1097 2772 lacessietat
1114 2753 1133 2782 ‚
1160 2707 1454 2769 Vatinium
1476 2710 1532 2769 di
1576 2713 1801 2770 natione
1831 2709 1939 2769 ob-

595 2805 786 2853 metat
820 2811 836 2853 ,ε
878 2809 1059 2878 quum
1105 2789 1172 2854 ὃ(
1210 2787 1415 2857 Brutus
1454 2793 1545 2852 cui
1568 2791 1688 2852 ibet
1725 2789 1937 2852 ducum

1356 2944 1391 2962 U
