2067 3667
417 318 861 387 Ltssssn
958 319 1112 388 IV.
1341 317 1468 416 165

134 435 500 500 moribundas
543 457 744 497 manus
798 438 858 496 in
902 434 1025 517 ipso
1063 435 1307 498 vulnere
1349 437 1483 498 reli-

134 521 273 601 quit.
298 515 487 596 Quasi
514 538 633 578 non
668 515 807 577 esset
843 515 1080 598 usquam
1110 518 1476 592 dimicatum,

137 603 220 660 sic
269 619 421 658 arma
471 595 657 660 rursus
714 599 779 658 &
832 615 1022 679 partes
1071 619 1092 672 3
1145 597 1476 680 quantoque

134 679 329 741 Africa
370 677 533 758 supra
574 675 913 739 Thessaliam
948 722 970 749 ,
1010 678 1168 738 tanti>
1213 677 1476 738 Africam

133 759 431 842 superabat
487 757 779 838 Hispania.
830 757 1142 818 Plurimum
1201 761 1478 840 quantum

136 841 347 902 favoris
370 840 626 922 partibus
656 839 827 899 dabat
866 837 1188 899 fraternitas
1226 841 1436 899 ducum
1455 883 1478 913 ‚

136 923 233 983 δι,
271 940 334 980 ro
377 941 495 980 uno
537 919 685 979 duos
724 918 871 979 stare
908 918 1240 1001 Pompeios.
1279 918 1363 980 Ita
1403 941 1479 980 ue

138 1023 219 1062 nu
242 1022 411 1087 quam
452 1002 733 1072 atrocius,
768 1020 877 1060 nec
908 1016 1027 1072 tam
1063 1002 1294 1079 ancipiti
1399 1020 1486 1060 ar·

138 1101 201 1142 te
242 1081 575 1142 concursum
620 1079 719 1142 est.
760 1079 1016 1154 Primum
1059 1083 1118 1139 in
1161 1079 1286 1162 ipso
1334 1079 1486 1141 ostio

138 1160 363 1224 Oceani
398 1161 587 1222 Varus
627 1159 949 1242 Didiusque
990 1161 1163 1242 legati
1205 1161 1487 1222 conflixe-

138 1263 205 1303 re
230 1265 249 1303 .·
287 1242 386 1304 sed
418 1244 601 1302 acrius
632 1241 739 1302 fuit
774 1262 905 1301 cum
941 1240 1066 1323 ipso
1101 1243 1242 1300 mari
1262 1286 1282 1315 ,
1312 1240 1484 1324 quam

136 1326 286 1386 inter
319 1322 377 1383 se
414 1322 657 1382 navibus
696 1321 915 1383 bellurn
954 1343 969 1382 ε
1008 1321 1292 1402 siquidem
1325 1367 1343 1392 ,
1381 1341 1488 1383 ve-

134 1404 223 1465 lut
256 1402 511 1464 furorem
558 1403 775 1461 civium
818 1398 1112 1485 castigaret
1166 1400 1438 1463 Oceanus
1459 1445 1486 1474 ‚

133 1505 442 1564 utramque
480 1480 707 1543 classem
752 1480 1046 1565 naufragio
1081 1483 1302 1542 cecidit.
1333 1481 1488 1563 Qui·

134 1585 273 1625 nam
315 1565 413 1624 ille
462 1562 669 1624 horror
691 1605 710 1636 ,
747 1583 925 1645 quum
967 1562 1179 1624 eodem
1216 1580 1486 1643 tempore

137 1643 345 1706 flustus
380 1687 400 1718 ‚
440 1643 711 1725 procellae
738 1687 763 1716 ,
810 1643 923 1702 viri
944 1685 965 1716 ,
1012 1661 1190 1703 naves
1226 1686 1245 1714 ‚
1301 1663 1486 1702 arma-

132 1741 331 1788 menta
362 1725 739 1806 confligerent
769 1721 791 1782 ?
826 1721 975 1782 adde
1000 1723 1139 1784 sitfis
1173 1724 1348 1802 ipsius
1377 1723 1490 1784 for·

132 1808 418 1867 midinem
448 1847 469 1877 ‚
496 1804 794 1886 vergentia
824 1805 883 1862 in
915 1824 1094 1864 unum
1120 1802 1250 1864 hinc
1277 1803 1485 1885 Hispa-

134 1892 249 1946 niae
277 1931 301 1961 ,
350 1887 483 1946 inde
526 1883 885 1944 Mauritaniae
932 1884 1124 1946 littora
1162 1906 1182 1958 ;
1223 1905 1384 1946 mare
1417 1887 1484 1948 &2

133 1965 504 2036 intestinum,
534 1967 599 2027 δι
632 1980 929 2024 externum
960 1986 981 2038 ;
1008 1964 1486 2046 imminentesque

132 2046 412 2108 Herculis
448 2044 705 2125 speculas
743 2065 763 2117 ;
800 2065 979 2125 quum
1012 2047 1204 2105 omnia
1229 2045 1368 2104 undi
1413 2066 1488 2107 ue

136 2128 315 2188 simul
341 2126 551 2208 proelio
576 2127 643 2188 &
668 2123 1009 2205 tempestate
1034 2122 1314 2185 saevirent.
1411 2147 1489 2188 ox

134 2212 293 2269 circa
325 2207 661 2284 obsidiones
690 2206 919 2266 urbium
954 2207 1241 2286 utrimque
1274 2203 1486 2266 discur-

135 2288 267 2349 sum
311 2287 433 2361 est,
472 2309 601 2368 quae
637 2284 855 2346 miserae
893 2288 1042 2347 inter
1077 2286 1186 2346 hos
1219 2303 1390 2367 atque
1422 2287 1490 2348 il-

134 2370 231 2430 los
274 2368 453 2428 duces
498 2367 781 2428 societatis
822 2366 1103 2428 Romanae
1145 2387 1346 2447 poenas
1387 2367 1488 2428 da·-

133 2450 303 2510 bant.
390 2447 673 2510 Omnium
753 2444 1044 2529 postrema
1115 2449 1489 2510 certaminum

134 2528 389 2590 Munda.
444 2529 558 2588 Hic
610 2547 729 2588 non
782 2549 891 2609 pro
935 2544 1126 2590 cetera
1175 2526 1446 2590 felicitate
1469 2575 1487 2601 ,

134 2609 243 2672 sed
280 2629 493 2690 anceps
518 2653 539 2681 ‚
593 2609 659 2670 &
704 2608 805 2668 diu
854 2605 1009 2670 triste
1057 2609 1326 2689 proelium
1365 2631 1386 2682 3
1424 2627 1490 2672 ut

133 2691 318 2773 plane
376 2691 672 2751 videretur
734 2685 919 2749 nescio
975 2688 1116 2771 quid
1173 2688 1491 2750 deliberare

133 2769 396 2835 fortuna.
431 2769 579 2835 Sane
610 2767 817 2855 &ipse
846 2786 979 2833 aute
1018 2771 1202 2834 aciem
1237 2768 1492 2833 moestior
