<?xml version="1.0" encoding="UTF-8"?>
<!DOCTYPE html PUBLIC "-//W3C//DTD XHTML 1.0 Transitional//EN"
    "http://www.w3.org/TR/xhtml1/DTD/xhtml1-transitional.dtd">
<html xmlns="http://www.w3.org/1999/xhtml" xml:lang="en" lang="en">
 <head>
  <title>
</title>
<meta http-equiv="Content-Type" content="text/html;charset=utf-8" />
  <meta name='ocr-system' content='tesseract 3.04.00' />
  <meta name='ocr-capabilities' content='ocr_page ocr_carea ocr_par ocr_line ocrx_word'/>
</head>
<body>
  <div class='ocr_page' id='page_1' title='image "./caiivelleiipate00lallgoog_0060.png"; bbox 0 0 2067 3667; ppageno 0'>
   <div class='ocr_carea' id='block_1_1' title="bbox 497 286 1598 385">
    <p class='ocr_par' dir='ltr' id='par_1_1' title="bbox 497 286 1598 385">
     <span class='ocr_line' id='line_1_1' title="bbox 497 286 1598 385; baseline 0 -26"><span class='ocrx_word' id='word_1_1' title='bbox 497 286 587 385; x_wconf 87' lang='lat'><strong>38</strong></span> <span class='ocrx_word' id='word_1_2' title='bbox 740 290 811 360; x_wconf 88' lang='lat' dir='ltr'><strong>C.</strong></span> <span class='ocrx_word' id='word_1_3' title='bbox 870 293 1140 359; x_wconf 66' lang='lat' dir='ltr'><strong>Vnt..</strong></span> <span class='ocrx_word' id='word_1_4' title='bbox 1191 288 1306 359; x_wconf 70' lang='grc' dir='ltr'><strong>ΡΑ</strong></span> <span class='ocrx_word' id='word_1_5' title='bbox 1335 308 1598 359; x_wconf 65' lang='lat' dir='ltr'><strong>TER-c,</strong></span> 
     </span>
    </p>
   </div>
   <div class='ocr_carea' id='block_1_2' title="bbox 488 407 1864 2265">
    <p class='ocr_par' dir='ltr' id='par_1_2' title="bbox 488 407 1864 2265">
     <span class='ocr_line' id='line_1_2' title="bbox 488 407 1856 492; baseline 0 -23"><span class='ocrx_word' id='word_1_6' title='bbox 488 407 725 469; x_wconf 87' lang='lat' dir='ltr'><strong>Tertius</strong></span> <span class='ocrx_word' id='word_1_7' title='bbox 753 410 813 468; x_wconf 84' lang='lat' dir='ltr'><strong>in</strong></span> <span class='ocrx_word' id='word_1_8' title='bbox 838 425 1110 490; x_wconf 88' lang='lat' dir='ltr'><strong>apparatu</strong></span> <span class='ocrx_word' id='word_1_9' title='bbox 1127 407 1269 471; x_wconf 88' lang='lat' dir='ltr'><strong>belli</strong></span> <span class='ocrx_word' id='word_1_10' title='bbox 1300 407 1705 489; x_wconf 87' lang='lat' dir='ltr'><strong>consumptus,</strong></span> <span class='ocrx_word' id='word_1_11' title='bbox 1729 428 1856 492; x_wconf 72' lang='lat' dir='ltr'><strong>quo</strong></span> 
     </span>
     <span class='ocr_line' id='line_1_3' title="bbox 496 487 1863 572; baseline -0.001 -21"><span class='ocrx_word' id='word_1_12' title='bbox 496 510 651 551; x_wconf 85' lang='lat' dir='ltr'><strong>anno</strong></span> <span class='ocrx_word' id='word_1_13' title='bbox 680 487 791 550; x_wconf 89' lang='lat' dir='ltr'><strong>Cn.</strong></span> <span class='ocrx_word' id='word_1_14' title='bbox 822 487 1122 549; x_wconf 80' lang='lat' dir='ltr'>Domitius</span> <span class='ocrx_word' id='word_1_15' title='bbox 1152 489 1414 551; x_wconf 83' lang='lat' dir='ltr'><strong>tribunus</strong></span> <span class='ocrx_word' id='word_1_16' title='bbox 1446 490 1636 572; x_wconf 87' lang='lat' dir='ltr'><strong>plebis</strong></span> <span class='ocrx_word' id='word_1_17' title='bbox 1665 489 1863 571; x_wconf 84' lang='lat' dir='ltr'><strong>legem</strong></span> 
     </span>
     <span class='ocr_line' id='line_1_4' title="bbox 495 568 1864 653; baseline 0 -23"><span class='ocrx_word' id='word_1_18' title='bbox 495 569 624 631; x_wconf 85' lang='lat' dir='ltr'><strong>tulit</strong></span> <span class='ocrx_word' id='word_1_19' title='bbox 642 613 662 642; x_wconf 92' lang='lat'><strong>‚</strong></span> <span class='ocrx_word' id='word_1_20' title='bbox 702 586 769 629; x_wconf 89' lang='lat' dir='ltr'><strong>ut</strong></span> <span class='ocrx_word' id='word_1_21' title='bbox 804 568 1130 630; x_wconf 85' lang='lat' dir='ltr'>sacerdotes</span> <span class='ocrx_word' id='word_1_22' title='bbox 1159 614 1184 643; x_wconf 90' lang='lat'><em>‚</em></span> <span class='ocrx_word' id='word_1_23' title='bbox 1232 592 1381 653; x_wconf 91' lang='lat' dir='ltr'><strong>quos</strong></span> <span class='ocrx_word' id='word_1_24' title='bbox 1419 586 1583 631; x_wconf 86' lang='lat' dir='ltr'><strong>antea</strong></span> <span class='ocrx_word' id='word_1_25' title='bbox 1619 570 1864 653; x_wconf 76' lang='lat' dir='ltr'><strong>collegae</strong></span> 
     </span>
     <span class='ocr_line' id='line_1_5' title="bbox 496 648 1862 731; baseline 0 -21"><span class='ocrx_word' id='word_1_26' title='bbox 496 648 853 710; x_wconf 86' lang='lat' dir='ltr'><strong>sufficiebant</strong></span> <span class='ocrx_word' id='word_1_27' title='bbox 865 694 885 725; x_wconf 93' lang='lat'><strong>,</strong></span> <span class='ocrx_word' id='word_1_28' title='bbox 950 651 1161 731; x_wconf 85' lang='lat' dir='ltr'><strong>opulus</strong></span> <span class='ocrx_word' id='word_1_29' title='bbox 1177 648 1652 731; x_wconf 85' lang='lat' dir='ltr'><strong>crearet.Quarto</strong></span> <span class='ocrx_word' id='word_1_30' title='bbox 1666 695 1685 727; x_wconf 91' lang='lat'><strong>,</strong></span> <span class='ocrx_word' id='word_1_31' title='bbox 1704 668 1862 711; x_wconf 82' lang='lat' dir='ltr'><strong>trans</strong></span> 
     </span>
     <span class='ocr_line' id='line_1_6' title="bbox 496 728 1862 813; baseline -0.001 -21"><span class='ocrx_word' id='word_1_32' title='bbox 496 728 688 811; x_wconf 82' lang='lat' dir='ltr'>Alpes</span> <span class='ocrx_word' id='word_1_33' title='bbox 718 732 867 791; x_wconf 88' lang='lat' dir='ltr'><strong>circa</strong></span> <span class='ocrx_word' id='word_1_34' title='bbox 961 752 1120 813; x_wconf 86' lang='lat' dir='ltr'><strong>quas-</strong></span> <span class='ocrx_word' id='word_1_35' title='bbox 1137 728 1361 794; x_wconf 82' lang='lat' dir='ltr'><strong>Sextias</strong></span> <span class='ocrx_word' id='word_1_36' title='bbox 1396 752 1532 793; x_wconf 85' lang='lat' dir='ltr'><strong>cum</strong></span> <span class='ocrx_word' id='word_1_37' title='bbox 1568 730 1862 793; x_wconf 85' lang='lat' dir='ltr'><strong>Teutonis</strong></span> 
     </span>
     <span class='ocr_line' id='line_1_7' title="bbox 494 810 1862 895; baseline 0.001 -24"><span class='ocrx_word' id='word_1_38' title='bbox 494 810 761 871; x_wconf 82' lang='lat' dir='ltr'><strong>conflixit</strong></span> <span class='ocrx_word' id='word_1_39' title='bbox 805 832 827 885; x_wconf 68' lang='grc' dir='ltr'><strong>ς</strong></span> <span class='ocrx_word' id='word_1_40' title='bbox 870 812 1122 893; x_wconf 72' lang='lat' dir='ltr'><strong>amplius</strong></span> <span class='ocrx_word' id='word_1_41' title='bbox 1168 829 1403 874; x_wconf 86' lang='lat' dir='ltr'><strong>centum</strong></span> <span class='ocrx_word' id='word_1_42' title='bbox 1449 814 1862 895; x_wconf 81' lang='lat' dir='ltr'><strong>quinquaginta</strong></span> 
     </span>
     <span class='ocr_line' id='line_1_8' title="bbox 494 890 1860 975; baseline 0 -22"><span class='ocrx_word' id='word_1_43' title='bbox 494 892 751 953; x_wconf 77' lang='lat' dir='ltr'><strong>millibus</strong></span> <span class='ocrx_word' id='word_1_44' title='bbox 780 890 1032 953; x_wconf 84' lang='lat' dir='ltr'><strong>hostium</strong></span> <span class='ocrx_word' id='word_1_45' title='bbox 1064 894 1260 975; x_wconf 90' lang='lat' dir='ltr'><strong>priore</strong></span> <span class='ocrx_word' id='word_1_46' title='bbox 1291 914 1356 955; x_wconf 87' lang='lat' dir='ltr'><strong>ac</strong></span> <span class='ocrx_word' id='word_1_47' title='bbox 1387 891 1624 974; x_wconf 88' lang='lat' dir='ltr'><strong>postero</strong></span> <span class='ocrx_word' id='word_1_48' title='bbox 1657 893 1754 953; x_wconf 89' lang='lat' dir='ltr'><strong>die</strong></span> <span class='ocrx_word' id='word_1_49' title='bbox 1783 894 1860 953; x_wconf 86' lang='lat' dir='ltr'><strong>ab</strong></span> 
     </span>
     <span class='ocr_line' id='line_1_9' title="bbox 494 972 1855 1057; baseline 0 -22"><span class='ocrx_word' id='word_1_50' title='bbox 494 992 575 1035; x_wconf 83' lang='lat' dir='ltr'><strong>eo</strong></span> <span class='ocrx_word' id='word_1_51' title='bbox 614 973 907 1035; x_wconf 85' lang='lat' dir='ltr'><strong>trucidatis</strong></span> <span class='ocrx_word' id='word_1_52' title='bbox 928 1015 948 1046; x_wconf 93' lang='lat'><strong>,</strong></span> <span class='ocrx_word' id='word_1_53' title='bbox 979 972 1230 1057; x_wconf 84' lang='lat' dir='ltr'><strong>gensque</strong></span> <span class='ocrx_word' id='word_1_54' title='bbox 1273 973 1466 1049; x_wconf 50' lang='lat' dir='ltr'><strong>excisa,</strong></span> <span class='ocrx_word' id='word_1_55' title='bbox 1494 972 1855 1037; x_wconf 83' lang='lat' dir='ltr'><strong>Teutonum.</strong></span> 
     </span>
     <span class='ocr_line' id='line_1_10' title="bbox 495 1052 1856 1137; baseline 0.001 -22"><span class='ocrx_word' id='word_1_56' title='bbox 495 1052 733 1134; x_wconf 82' lang='lat' dir='ltr'><strong>Quinto</strong></span> <span class='ocrx_word' id='word_1_57' title='bbox 754 1096 777 1128; x_wconf 90' lang='lat'><strong>,</strong></span> <span class='ocrx_word' id='word_1_58' title='bbox 816 1056 965 1115; x_wconf 89' lang='lat' dir='ltr'><strong>circa</strong></span> <span class='ocrx_word' id='word_1_59' title='bbox 1010 1054 1199 1137; x_wconf 83' lang='lat' dir='ltr'><strong>Alpes</strong></span> <span class='ocrx_word' id='word_1_60' title='bbox 1241 1056 1301 1115; x_wconf 87' lang='lat' dir='ltr'><strong>in</strong></span> <span class='ocrx_word' id='word_1_61' title='bbox 1343 1076 1472 1116; x_wconf 88' lang='lat' dir='ltr'><strong>cam</strong></span> <span class='ocrx_word' id='word_1_62' title='bbox 1517 1056 1564 1114; x_wconf 87' lang='lat' dir='ltr'><strong>is</strong></span> <span class='ocrx_word' id='word_1_63' title='bbox 1586 1100 1607 1129; x_wconf 91' lang='lat'>‚</span> <span class='ocrx_word' id='word_1_64' title='bbox 1645 1056 1856 1135; x_wconf 80' lang='lat' dir='ltr'><strong>quibus</strong></span> 
     </span>
     <span class='ocr_line' id='line_1_11' title="bbox 495 1135 1860 1216; baseline -0.001 -21"><span class='ocrx_word' id='word_1_65' title='bbox 495 1155 717 1197; x_wconf 83' lang='lat' dir='ltr'><strong>nomen</strong></span> <span class='ocrx_word' id='word_1_66' title='bbox 738 1152 859 1195; x_wconf 89' lang='lat' dir='ltr'><strong>erat</strong></span> <span class='ocrx_word' id='word_1_67' title='bbox 887 1135 1126 1197; x_wconf 83' lang='lat' dir='ltr'>Raudiis</span> <span class='ocrx_word' id='word_1_68' title='bbox 1143 1180 1162 1207; x_wconf 92' lang='lat'>‚</span> <span class='ocrx_word' id='word_1_69' title='bbox 1197 1135 1315 1216; x_wconf 83' lang='lat' dir='ltr'><strong>ipse</strong></span> <span class='ocrx_word' id='word_1_70' title='bbox 1341 1158 1456 1196; x_wconf 86' lang='lat' dir='ltr'><strong>con</strong></span> <span class='ocrx_word' id='word_1_71' title='bbox 1482 1136 1542 1194; x_wconf 92' lang='lat' dir='ltr'><strong>ul</strong></span> <span class='ocrx_word' id='word_1_72' title='bbox 1565 1177 1583 1206; x_wconf 89' lang='lat'>‚</span> <span class='ocrx_word' id='word_1_73' title='bbox 1615 1136 1680 1197; x_wconf 86' lang='lat'>&amp;</span> <span class='ocrx_word' id='word_1_74' title='bbox 1716 1156 1860 1216; x_wconf 88' lang='lat' dir='ltr'><strong>pro-</strong></span> 
     </span>
     <span class='ocr_line' id='line_1_12' title="bbox 494 1213 1858 1293; baseline 0.001 -17"><span class='ocrx_word' id='word_1_75' title='bbox 494 1215 695 1276; x_wconf 86' lang='lat' dir='ltr'>consul</span> <span class='ocrx_word' id='word_1_76' title='bbox 727 1213 813 1293; x_wconf 84' lang='lat' dir='ltr'><strong>Q.</strong></span> <span class='ocrx_word' id='word_1_77' title='bbox 850 1214 1105 1275; x_wconf 84' lang='lat' dir='ltr'><strong>Lutatius</strong></span> <span class='ocrx_word' id='word_1_78' title='bbox 1138 1214 1377 1276; x_wconf 86' lang='lat' dir='ltr'>Catulus</span> <span class='ocrx_word' id='word_1_79' title='bbox 1404 1216 1858 1277; x_wconf 85' lang='lat' dir='ltr'><strong>fortunatissimo</strong></span> 
     </span>
     <span class='ocr_line' id='line_1_13' title="bbox 494 1295 1860 1377; baseline 0 -22"><span class='ocrx_word' id='word_1_80' title='bbox 494 1296 868 1356; x_wconf 81' lang='lat' dir='ltr'><strong>decertavere</strong></span> <span class='ocrx_word' id='word_1_81' title='bbox 903 1296 1158 1377; x_wconf 88' lang='lat' dir='ltr'><strong>proelio;</strong></span> <span class='ocrx_word' id='word_1_82' title='bbox 1195 1295 1334 1356; x_wconf 85' lang='lat' dir='ltr'><strong>caesa</strong></span> <span class='ocrx_word' id='word_1_83' title='bbox 1355 1342 1374 1371; x_wconf 91' lang='lat'><strong>,</strong></span> <span class='ocrx_word' id='word_1_84' title='bbox 1406 1314 1501 1355; x_wconf 90' lang='lat' dir='ltr'><strong>aut</strong></span> <span class='ocrx_word' id='word_1_85' title='bbox 1537 1314 1698 1377; x_wconf 86' lang='lat' dir='ltr'><strong>capta</strong></span> <span class='ocrx_word' id='word_1_86' title='bbox 1738 1318 1860 1356; x_wconf 88' lang='lat' dir='ltr'><strong>am·-</strong></span> 
     </span>
     <span class='ocr_line' id='line_1_14' title="bbox 494 1374 1858 1457; baseline 0.003 -22"><span class='ocrx_word' id='word_1_87' title='bbox 494 1377 645 1457; x_wconf 71' lang='lat' dir='ltr'><strong>plius</strong></span> <span class='ocrx_word' id='word_1_88' title='bbox 678 1393 909 1436; x_wconf 87' lang='lat' dir='ltr'><strong>centum</strong></span> <span class='ocrx_word' id='word_1_89' title='bbox 940 1376 1117 1435; x_wconf 87' lang='lat' dir='ltr'><strong>millia</strong></span> <span class='ocrx_word' id='word_1_90' title='bbox 1147 1376 1470 1438; x_wconf 83' lang='lat' dir='ltr'><strong>hominum.</strong></span> <span class='ocrx_word' id='word_1_91' title='bbox 1503 1376 1630 1437; x_wconf 69' lang='lat' dir='ltr'><strong>Hac</strong></span> <span class='ocrx_word' id='word_1_92' title='bbox 1667 1374 1858 1439; x_wconf 61' lang='lat' dir='ltr'><strong>vicio-</strong></span> 
     </span>
     <span class='ocr_line' id='line_1_15' title="bbox 494 1455 1856 1537; baseline 0.001 -22"><span class='ocrx_word' id='word_1_93' title='bbox 494 1456 579 1516; x_wconf 60' lang='grc' dir='ltr'><strong>τίῆ</strong></span> <span class='ocrx_word' id='word_1_94' title='bbox 606 1456 843 1517; x_wconf 76' lang='lat' dir='ltr'><strong>videtur</strong></span> <span class='ocrx_word' id='word_1_95' title='bbox 874 1455 1134 1517; x_wconf 84' lang='lat' dir='ltr'><strong>meruiss&#39;e</strong></span> <span class='ocrx_word' id='word_1_96' title='bbox 1169 1456 1390 1519; x_wconf 88' lang='lat' dir='ltr'><strong>Marius</strong></span> <span class='ocrx_word' id='word_1_97' title='bbox 1409 1502 1428 1529; x_wconf 92' lang='lat'><strong>‚</strong></span> <span class='ocrx_word' id='word_1_98' title='bbox 1465 1478 1536 1517; x_wconf 89' lang='lat' dir='ltr'><strong>ne</strong></span> <span class='ocrx_word' id='word_1_99' title='bbox 1576 1456 1698 1537; x_wconf 83' lang='lat' dir='ltr'><strong>ejus</strong></span> <span class='ocrx_word' id='word_1_100' title='bbox 1735 1460 1856 1517; x_wconf 83' lang='lat' dir='ltr'><strong>nati</strong></span> 
     </span>
     <span class='ocr_line' id='line_1_16' title="bbox 495 1536 1856 1619; baseline 0.001 -22"><span class='ocrx_word' id='word_1_101' title='bbox 495 1536 910 1619; x_wconf 83' lang='lat' dir='ltr'><strong>rempublicam</strong></span> <span class='ocrx_word' id='word_1_102' title='bbox 954 1540 1263 1618; x_wconf 87' lang='lat' dir='ltr'><strong>poeniteret</strong></span> <span class='ocrx_word' id='word_1_103' title='bbox 1303 1583 1324 1613; x_wconf 92' lang='lat'><strong>,</strong></span> <span class='ocrx_word' id='word_1_104' title='bbox 1379 1560 1444 1599; x_wconf 88' lang='lat' dir='ltr'><strong>ac</strong></span> <span class='ocrx_word' id='word_1_105' title='bbox 1491 1538 1648 1597; x_wconf 86' lang='lat' dir='ltr'><strong>bona</strong></span> <span class='ocrx_word' id='word_1_106' title='bbox 1689 1540 1856 1599; x_wconf 87' lang='lat' dir='ltr'><strong>malis</strong></span> 
     </span>
     <span class='ocr_line' id='line_1_17' title="bbox 493 1616 1855 1699; baseline 0.002 -22"><span class='ocrx_word' id='word_1_107' title='bbox 493 1616 833 1699; x_wconf 69' lang='lat' dir='ltr'><strong>repenffisse.</strong></span> <span class='ocrx_word' id='word_1_108' title='bbox 874 1616 1080 1678; x_wconf 82' lang='lat' dir='ltr'><strong>Sextus</strong></span> <span class='ocrx_word' id='word_1_109' title='bbox 1121 1616 1446 1679; x_wconf 77' lang='lat' dir='ltr'><strong>consulatus</strong></span> <span class='ocrx_word' id='word_1_110' title='bbox 1483 1619 1660 1679; x_wconf 85' lang='lat' dir='ltr'><strong>veluti</strong></span> <span class='ocrx_word' id='word_1_111' title='bbox 1703 1640 1855 1699; x_wconf 80' lang='lat' dir='ltr'><strong>prae·</strong></span> 
     </span>
     <span class='ocr_line' id='line_1_18' title="bbox 495 1699 1854 1766; baseline 0.002 -9"><span class='ocrx_word' id='word_1_112' title='bbox 495 1701 680 1759; x_wconf 88' lang='lat' dir='ltr'><strong>mium</strong></span> <span class='ocrx_word' id='word_1_113' title='bbox 703 1702 759 1761; x_wconf 87' lang='lat' dir='ltr'><strong>ei</strong></span> <span class='ocrx_word' id='word_1_114' title='bbox 778 1701 1116 1766; x_wconf 85' lang='lat' dir='ltr'><strong>meritorum</strong></span> <span class='ocrx_word' id='word_1_115' title='bbox 1143 1700 1330 1763; x_wconf 87' lang='lat' dir='ltr'><strong>datus.</strong></span> <span class='ocrx_word' id='word_1_116' title='bbox 1356 1699 1498 1761; x_wconf 87' lang='lat' dir='ltr'><strong>Non</strong></span> <span class='ocrx_word' id='word_1_117' title='bbox 1518 1717 1714 1759; x_wconf 85' lang='lat' dir='ltr'><strong>tamen</strong></span> <span class='ocrx_word' id='word_1_118' title='bbox 1741 1700 1854 1760; x_wconf 86' lang='lat' dir='ltr'><strong>hu-</strong></span> 
     </span>
     <span class='ocr_line' id='line_1_19' title="bbox 490 1776 1856 1863; baseline 0.001 -24"><span class='ocrx_word' id='word_1_119' title='bbox 490 1776 584 1859; x_wconf 87' lang='lat' dir='ltr'><strong>jus</strong></span> <span class='ocrx_word' id='word_1_120' title='bbox 630 1778 952 1841; x_wconf 66' lang='lat' dir='ltr'><strong>consulatus</strong></span> <span class='ocrx_word' id='word_1_121' title='bbox 980 1777 1273 1840; x_wconf 78' lang='lat' dir='ltr'><strong>fraudetur</strong></span> <span class='ocrx_word' id='word_1_122' title='bbox 1303 1780 1529 1863; x_wconf 66' lang='lat' dir='ltr'><strong>gloria;</strong></span> <span class='ocrx_word' id='word_1_123' title='bbox 1567 1801 1686 1862; x_wconf 88' lang='lat' dir='ltr'><strong>quo</strong></span> <span class='ocrx_word' id='word_1_124' title='bbox 1715 1777 1856 1841; x_wconf 90' lang='lat' dir='ltr'><strong>Ser-</strong></span> 
     </span>
     <span class='ocr_line' id='line_1_20' title="bbox 495 1857 1855 1942; baseline 0.003 -24"><span class='ocrx_word' id='word_1_125' title='bbox 495 1860 619 1920; x_wconf 79' lang='lat' dir='ltr'><strong>vilii</strong></span> <span class='ocrx_word' id='word_1_126' title='bbox 645 1858 905 1921; x_wconf 74' lang='lat' dir='ltr'><strong>Glauciae</strong></span> <span class='ocrx_word' id='word_1_127' title='bbox 926 1902 945 1931; x_wconf 90' lang='lat'>‚</span> <span class='ocrx_word' id='word_1_128' title='bbox 979 1857 1261 1920; x_wconf 84' lang='lat' dir='ltr'><strong>Saturnini</strong></span> <span class='ocrx_word' id='word_1_129' title='bbox 1303 1881 1376 1921; x_wconf 89' lang='lat' dir='ltr'><strong>ue</strong></span> <span class='ocrx_word' id='word_1_130' title='bbox 1415 1860 1652 1942; x_wconf 84' lang='lat' dir='ltr'><strong>Apuleii</strong></span> <span class='ocrx_word' id='word_1_131' title='bbox 1689 1859 1855 1922; x_wconf 85' lang='lat' dir='ltr'><strong>furo-</strong></span> 
     </span>
     <span class='ocr_line' id='line_1_21' title="bbox 494 1941 1852 2023; baseline 0.003 -25"><span class='ocrx_word' id='word_1_132' title='bbox 494 1959 621 2000; x_wconf 85' lang='lat' dir='ltr'><strong>rem</strong></span> <span class='ocrx_word' id='word_1_133' title='bbox 646 1984 666 2014; x_wconf 91' lang='lat'>,</span> <span class='ocrx_word' id='word_1_134' title='bbox 702 1942 1044 2001; x_wconf 83' lang='lat' dir='ltr'><strong>continuatis</strong></span> <span class='ocrx_word' id='word_1_135' title='bbox 1081 1941 1240 2001; x_wconf 88' lang='lat' dir='ltr'>hono</span> <span class='ocrx_word' id='word_1_136' title='bbox 1271 1944 1284 1958; x_wconf 80' lang='lat'>⁸</span> <span class='ocrx_word' id='word_1_137' title='bbox 1330 1964 1396 2002; x_wconf 88' lang='lat' dir='ltr'><strong>us</strong></span> <span class='ocrx_word' id='word_1_138' title='bbox 1433 1942 1852 2023; x_wconf 80' lang='lat' dir='ltr'><strong>rempublicam</strong></span> 
     </span>
     <span class='ocr_line' id='line_1_22' title="bbox 492 2021 1852 2105; baseline 0.004 -25"><span class='ocrx_word' id='word_1_139' title='bbox 492 2021 863 2081; x_wconf 79' lang='lat' dir='ltr'><strong>lacerantium</strong></span> <span class='ocrx_word' id='word_1_140' title='bbox 899 2065 920 2094; x_wconf 92' lang='lat'><strong>‚</strong></span> <span class='ocrx_word' id='word_1_141' title='bbox 959 2022 1025 2083; x_wconf 76' lang='grc' dir='ltr'><strong>ὅτ.</strong></span> <span class='ocrx_word' id='word_1_142' title='bbox 1069 2022 1268 2103; x_wconf 83' lang='lat' dir='ltr'><strong>gladiis</strong></span> <span class='ocrx_word' id='word_1_143' title='bbox 1309 2044 1428 2105; x_wconf 90' lang='lat' dir='ltr'><strong>quo</strong></span> <span class='ocrx_word' id='word_1_144' title='bbox 1471 2044 1544 2083; x_wconf 88' lang='lat' dir='ltr'><strong>ue</strong></span> <span class='ocrx_word' id='word_1_145' title='bbox 1587 2024 1649 2083; x_wconf 89' lang='lat'>&amp;</span> <span class='ocrx_word' id='word_1_146' title='bbox 1687 2023 1852 2085; x_wconf 81' lang='lat' dir='ltr'><strong>caede</strong></span> 
     </span>
     <span class='ocr_line' id='line_1_23' title="bbox 494 2100 1854 2176; baseline 0.002 -15"><span class='ocrx_word' id='word_1_147' title='bbox 494 2103 729 2161; x_wconf 86' lang='lat' dir='ltr'><strong>comitia</strong></span> <span class='ocrx_word' id='word_1_148' title='bbox 764 2100 1184 2161; x_wconf 87' lang='lat' dir='ltr'><strong>discutientium</strong></span> <span class='ocrx_word' id='word_1_149' title='bbox 1206 2146 1224 2176; x_wconf 89' lang='lat'>,</span> <span class='ocrx_word' id='word_1_150' title='bbox 1265 2103 1436 2164; x_wconf 89' lang='lat' dir='ltr'><strong>consu</strong></span> <span class='ocrx_word' id='word_1_151' title='bbox 1491 2106 1662 2163; x_wconf 88' lang='lat' dir='ltr'><strong>armis</strong></span> <span class='ocrx_word' id='word_1_152' title='bbox 1686 2125 1854 2164; x_wconf 85' lang='lat' dir='ltr'><strong>com-</strong></span> 
     </span>
     <span class='ocr_line' id='line_1_24' title="bbox 492 2181 1852 2265; baseline 0.003 -23"><span class='ocrx_word' id='word_1_153' title='bbox 492 2182 710 2264; x_wconf 86' lang='lat' dir='ltr'><strong>pescuit</strong></span> <span class='ocrx_word' id='word_1_154' title='bbox 727 2226 747 2255; x_wconf 92' lang='lat'>,</span> <span class='ocrx_word' id='word_1_155' title='bbox 773 2181 1146 2265; x_wconf 86' lang='lat' dir='ltr'><strong>hominesque</strong></span> <span class='ocrx_word' id='word_1_156' title='bbox 1173 2185 1488 2245; x_wconf 85' lang='lat' dir='ltr'><strong>exitiabiles</strong></span> <span class='ocrx_word' id='word_1_157' title='bbox 1516 2187 1575 2245; x_wconf 89' lang='lat' dir='ltr'><strong>in</strong></span> <span class='ocrx_word' id='word_1_158' title='bbox 1599 2184 1852 2247; x_wconf 83' lang='lat' dir='ltr'><strong>Hostilia</strong></span> 
     </span>
    </p>
   </div>
   <div class='ocr_carea' id='block_1_3' title="bbox 386 2264 1186 2325">
    <p class='ocr_par' dir='ltr' id='par_1_3' title="bbox 386 2264 1186 2325">
     <span class='ocr_line' id='line_1_25' title="bbox 386 2264 1186 2325; baseline 0.005 -4"><span class='ocrx_word' id='word_1_159' title='bbox 386 2290 401 2307; x_wconf 89' lang='lat'><strong>·</strong></span> <span class='ocrx_word' id='word_1_160' title='bbox 491 2265 647 2324; x_wconf 85' lang='lat' dir='ltr'><strong>curia</strong></span> <span class='ocrx_word' id='word_1_161' title='bbox 676 2280 864 2324; x_wconf 80' lang='lat' dir='ltr'><strong>mor-te</strong></span> <span class='ocrx_word' id='word_1_162' title='bbox 900 2264 1186 2325; x_wconf 84' lang='lat' dir='ltr'><strong>multavit.</strong></span> 
     </span>
    </p>
   </div>
   <div class='ocr_carea' id='block_1_4' title="bbox 486 2342 1896 2831">
    <p class='ocr_par' dir='ltr' id='par_1_4' title="bbox 486 2342 1896 2831">
     <span class='ocr_line' id='line_1_26' title="bbox 573 2342 1846 2426; baseline 0 -23"><span class='ocrx_word' id='word_1_163' title='bbox 573 2343 773 2403; x_wconf 89' lang='lat' dir='ltr'><strong>XIII.</strong></span> <span class='ocrx_word' id='word_1_164' title='bbox 814 2343 1048 2405; x_wconf 83' lang='lat' dir='ltr'><strong>Deinde</strong></span> <span class='ocrx_word' id='word_1_165' title='bbox 1073 2342 1380 2422; x_wconf 68' lang='lat' dir='ltr'><strong>inter-iestis</strong></span> <span class='ocrx_word' id='word_1_166' title='bbox 1416 2346 1615 2426; x_wconf 83' lang='lat' dir='ltr'><strong>paucis</strong></span> <span class='ocrx_word' id='word_1_167' title='bbox 1647 2346 1846 2417; x_wconf 82' lang='lat' dir='ltr'><strong>annis,</strong></span> 
     </span>
     <span class='ocr_line' id='line_1_27' title="bbox 490 2423 1850 2499; baseline 0.001 -17"><span class='ocrx_word' id='word_1_168' title='bbox 490 2423 840 2483; x_wconf 88' lang='lat' dir='ltr'><strong>tribunatum</strong></span> <span class='ocrx_word' id='word_1_169' title='bbox 885 2426 1009 2484; x_wconf 85' lang='lat' dir='ltr'><strong>iniit</strong></span> <span class='ocrx_word' id='word_1_170' title='bbox 1051 2424 1139 2485; x_wconf 92' lang='lat' dir='ltr'><strong>M.</strong></span> <span class='ocrx_word' id='word_1_171' title='bbox 1191 2424 1389 2487; x_wconf 84' lang='lat' dir='ltr'><strong>Livius</strong></span> <span class='ocrx_word' id='word_1_172' title='bbox 1440 2423 1661 2486; x_wconf 87' lang='lat' dir='ltr'><strong>Drusus</strong></span> <span class='ocrx_word' id='word_1_173' title='bbox 1685 2470 1706 2499; x_wconf 90' lang='lat'><strong>,</strong></span> <span class='ocrx_word' id='word_1_174' title='bbox 1755 2429 1850 2486; x_wconf 85' lang='lat' dir='ltr'><strong>vir</strong></span> 
     </span>
     <span class='ocr_line' id='line_1_28' title="bbox 486 2503 1848 2587; baseline 0.001 -24"><span class='ocrx_word' id='word_1_175' title='bbox 486 2503 878 2566; x_wconf 83' lang='lat' dir='ltr'><strong>nobilissimus</strong></span> <span class='ocrx_word' id='word_1_176' title='bbox 902 2550 922 2579; x_wconf 90' lang='lat'><strong>,</strong></span> <span class='ocrx_word' id='word_1_177' title='bbox 966 2504 1470 2587; x_wconf 86' lang='lat' dir='ltr'><strong>eloquentissimus</strong></span> <span class='ocrx_word' id='word_1_178' title='bbox 1495 2551 1516 2580; x_wconf 91' lang='lat'>‚</span> <span class='ocrx_word' id='word_1_179' title='bbox 1570 2504 1848 2566; x_wconf 68' lang='lat' dir='ltr'><strong>sanctissi-</strong></span> 
     </span>
     <span class='ocr_line' id='line_1_29' title="bbox 486 2582 1861 2671; baseline 0.001 -26"><span class='ocrx_word' id='word_1_180' title='bbox 486 2604 649 2656; x_wconf 68' lang='lat' dir='ltr'><strong>mm,</strong></span> <span class='ocrx_word' id='word_1_181' title='bbox 668 2582 907 2644; x_wconf 88' lang='lat' dir='ltr'><strong>meliore</strong></span> <span class='ocrx_word' id='word_1_182' title='bbox 934 2585 993 2644; x_wconf 88' lang='lat' dir='ltr'><strong>in</strong></span> <span class='ocrx_word' id='word_1_183' title='bbox 1018 2588 1212 2646; x_wconf 85' lang='lat' dir='ltr'><strong>omnia</strong></span> <span class='ocrx_word' id='word_1_184' title='bbox 1233 2589 1468 2671; x_wconf 88' lang='lat' dir='ltr'><strong>ingenio</strong></span> <span class='ocrx_word' id='word_1_185' title='bbox 1491 2588 1804 2669; x_wconf 88' lang='lat' dir='ltr'><strong>animoque</strong></span> <span class='ocrx_word' id='word_1_186' title='bbox 1825 2631 1861 2661; x_wconf 68' lang='grc'><strong>,,</strong></span> 
     </span>
     <span class='ocr_line' id='line_1_30' title="bbox 488 2662 1846 2746; baseline 0.004 -24"><span class='ocrx_word' id='word_1_187' title='bbox 488 2662 661 2746; x_wconf 72' lang='lat' dir='ltr'><strong>quam</strong></span> <span class='ocrx_word' id='word_1_188' title='bbox 680 2663 909 2726; x_wconf 71' lang='lat' dir='ltr'><strong>fortuna</strong></span> <span class='ocrx_word' id='word_1_189' title='bbox 928 2664 1078 2728; x_wconf 91' lang='lat' dir='ltr'><strong>usus.</strong></span> <span class='ocrx_word' id='word_1_190' title='bbox 1103 2666 1230 2746; x_wconf 88' lang='lat' dir='ltr'><strong>Qui</strong></span> <span class='ocrx_word' id='word_1_191' title='bbox 1295 2688 1432 2728; x_wconf 89' lang='lat' dir='ltr'><strong>uum</strong></span> <span class='ocrx_word' id='word_1_192' title='bbox 1456 2667 1669 2729; x_wconf 78' lang='lat' dir='ltr'><strong>senatui</strong></span> <span class='ocrx_word' id='word_1_193' title='bbox 1743 2665 1846 2727; x_wconf 90' lang='lat' dir='ltr'><strong>ris-</strong></span> 
     </span>
     <span class='ocr_line' id='line_1_31' title="bbox 487 2743 1896 2831; baseline 0.003 -26"><span class='ocrx_word' id='word_1_194' title='bbox 487 2766 621 2807; x_wconf 76' lang='lat' dir='ltr'><strong>eum</strong></span> <span class='ocrx_word' id='word_1_195' title='bbox 655 2743 947 2809; x_wconf 88' lang='lat' dir='ltr'><strong>restituere</strong></span> <span class='ocrx_word' id='word_1_196' title='bbox 982 2765 1220 2831; x_wconf 86' lang='lat' dir='ltr'><strong>cuperet</strong></span> <span class='ocrx_word' id='word_1_197' title='bbox 1305 2769 1440 2811; x_wconf 87' lang='lat' dir='ltr'><strong>ecus</strong></span> <span class='ocrx_word' id='word_1_198' title='bbox 1468 2794 1489 2826; x_wconf 88' lang='lat'>,</span> <span class='ocrx_word' id='word_1_199' title='bbox 1519 2750 1588 2813; x_wconf 88' lang='lat'>&amp;</span> <span class='ocrx_word' id='word_1_200' title='bbox 1625 2746 1689 2830; x_wconf 84' lang='lat' dir='ltr'><strong>ju</strong></span> <span class='ocrx_word' id='word_1_201' title='bbox 1731 2749 1844 2811; x_wconf 81' lang='lat' dir='ltr'><strong>icia</strong></span> <span class='ocrx_word' id='word_1_202' title='bbox 1889 2756 1896 2761; x_wconf 86' lang='lat'>&#39;</span> 
     </span>
    </p>
   </div>
  </div>
 </body>
</html>
