2067 3667
540 306 638 375 24
782 285 859 354 L.
910 285 1288 356 ANNE!
1338 286 1636 354 From

538 403 943 466 lacessentibus
1000 405 1228 464 assidue
1273 401 1345 463 us
1375 423 1562 486 nequa
1603 424 1673 464 ue
1723 401 1904 464 finiti-

542 490 650 544 mis
684 506 698 545 :
736 489 952 566 quippe
996 488 1090 544 cui
1131 486 1300 567 patrii
1337 425 1446 543 iloli
1489 423 1658 566 gleba
1697 485 1849 544 nulla
1877 531 1899 554 ,

538 563 641 626 sed
677 564 866 626 statim
898 565 1102 625 hostile
1139 567 1490 646 pomoerium
1511 609 1531 638 ‚
1556 563 1900 646 mediusque

480 645 491 657 '
538 646 691 706 inter
724 645 947 706 Latium
983 649 1046 706 &
1075 644 1335 718 Tuscos,
1361 647 1520 726 quasi
1553 647 1607 704 in
1641 646 1900 727 quodam

539 724 703 786 bivio
740 727 1058 786 collocatus
1087 771 1110 798 ,
1147 727 1415 786 omnibus
1449 727 1626 804 portis
1669 729 1728 784 in
1762 724 1902 784 hos-

540 821 659 864 tem
709 808 1021 866 incurreret
1057 829 1072 866 z
1115 806 1306 866 donec
1349 808 1510 888 quasi
1553 810 1898 887 contagione

540 886 790 968 quadarn
828 907 933 968 per
966 888 1218 968 singulos
1254 889 1398 947 itum
1435 885 1560 960 est3
1600 887 1662 946 ὃ(
1699 889 1900 968 proxi-

538 969 648 1026 mis
690 967 1005 1048 quibusque
1059 971 1338 1050 correptis
1379 1013 1400 1043 ,
1442 984 1626 1028 totam
1671 965 1898 1026 Italiam

537 1046 640 1108 sub
676 1047 732 1108 se
772 1049 1136 1132 redegerunt.

556 1173 1870 1248 4=====21Q2===v

894 1301 957 1372 C
992 1302 1054 1370 A
1088 1301 1137 1370 P
1171 1304 1239 1372 U
1271 1301 1336 1372 T
1435 1300 1530 1372 X.

536 1442 901 1498 BELLUM
934 1442 1410 1494 ETRUSCUM
1446 1443 1624 1496 CUM
1655 1443 1892 1498 REGE

1005 1537 1438 1592 PORSENA.

540 1640 627 1749 P
638 1703 855 1746 uLsrs
902 1703 973 1742 ex
1012 1681 1178 1744 Urbe
1221 1683 1454 1765 regibus
1487 1725 1510 1755 ,
1553 1685 1738 1764 prima
1778 1705 1892 1765 pro

537 1766 796 1825 libertate
830 1785 989 1822 arma
1020 1765 1312 1842 corripuit.
1339 1764 1494 1824 Nam
1515 1762 1762 1824 Porsena
1785 1786 1891 1826 rex

537 1843 904 1906 Etruscorum
954 1845 1280 1923 ingentibus
1327 1846 1508 1924 copiis
1553 1845 1788 1918 aderat,
1823 1848 1891 1906 δι

536 1923 889 2004 Tarquinios
916 1944 1088 1982 manu
1111 1924 1433 1988 reducebat.
1461 1923 1632 1984 Hunc
1655 1943 1885 1996 tamen,

538 2007 798 2085 quamvis
838 2005 901 2064 &
942 2006 1108 2062 armis
1132 2047 1151 2075 ‚
1187 2006 1253 2066 &
1290 2003 1441 2064 fame
1478 2023 1706 2086 urgeret
1729 2052 1746 2076 ‚
1786 2028 1887 2066 oc·

536 2104 867 2167 cupatoque
912 2081 1174 2146 Janiculo
1221 2087 1357 2166 ipsis
1406 2085 1584 2145 Urbis
1633 2085 1886 2147 faucibus

538 2167 835 2226 incubaret
864 2210 883 2237 ‚
922 2163 1175 2226 sustinuit
1211 2211 1232 2238 ,
1268 2166 1476 2246 repulit
1511 2188 1530 2240 3
1569 2168 1886 2229 novissime

539 2251 714 2306 etiam
761 2246 913 2306 tanta
952 2245 1325 2306 admiratione
1368 2245 1612 2327 perculit
1642 2291 1660 2318 ‚
1694 2266 1758 2306 ut
1795 2245 1889 2306 su-

540 2331 734 2408 perior
763 2369 782 2398 ,
831 2325 979 2384 ultro
1036 2345 1168 2384 cum
1219 2347 1368 2406 pene
1422 2323 1581 2384 viciis
1623 2330 1888 2388 amicitiae

534 2407 759 2468 foedera
794 2404 1007 2463 feriret.
1045 2403 1212 2464 Tunc
1255 2406 1355 2464 illa
1391 2403 1652 2470 Romana
1689 2409 1892 2488 prodi-

579 2490 631 2544 ia
674 2501 844 2565 atque
892 2483 1165 2542 miracula
1191 2527 1211 2556 ,
1253 2483 1530 2544 Horatius
1554 2529 1574 2558 ,
1611 2485 1838 2548 Mucius
1862 2534 1887 2560 ,

534 2507 747 2625 gloefia
781 2586 795 2621 ε
826 2566 925 2644 qui
956 2565 1065 2622 nisi
1095 2565 1154 2622 in
1185 2565 1477 2626 annalibus
1509 2563 1700 2628 forent
1721 2613 1742 2640 ‚
1777 2569 1888 2628 ho-

536 2644 635 2702 die
677 2643 881 2703 fabulae
924 2643 1282 2706 viderentur.
1321 2645 1564 2729 Quippe
1609 2649 1886 2710 Horatius

528 2721 750 2816 §ecles
768 2769 786 2800 ,
809 2723 1113 2816 postquam
1131 2725 1321 2792 hostes
1339 2729 1593 2812 undique
1617 2728 1884 2872 ἰιιίὶῗηῖεε

982 2859 989 2866 .
1753 2830 1790 2870 o
1817 2830 1882 2870 us
