2067 3667
507 276 607 354 80
767 282 839 352 C.
898 281 1161 352 VELL.
1217 280 1614 352 Pareae.

500 421 760 484 nequam
777 447 796 476 ,
825 403 890 464 δι
917 399 1190 464 facundus
1216 401 1370 462 malo
1397 402 1629 482 publico
1652 424 1673 477 ;
1700 399 1863 482 eujus

507 484 704 544 animo
725 528 748 556 ,
785 481 1177 565 voluptatibus
1214 485 1310 554 vel
1343 483 1673 544 libidinibus
1700 528 1721 558 ,
1756 506 1863 546 ne-

511 561 624 645 'que
660 583 803 646 opes
839 563 967 624 ullae
1003 584 1191 645 neque
1228 586 1299 624 cu
1340 564 1567 638 iditates
1600 563 1871 644 sufficere⁸

510 642 754 724 poss'ent.
785 643 898 704 Hic
923 645 1111 724 primb
1145 665 1251 725 pro
1276 587 1539 725 Ppompeii
1566 647 1819 727 partibus
1838 690 1863 720 ,

512 723 576 794 id
599 721 682 784 est
706 769 726 798 ,
761 740 824 783 ut
847 742 982 785 tunc
1015 725 1333 786 habebatur
1352 768 1373 798 ,
1401 747 1509 806 pro
1536 727 1861 807 repumicat,

511 824 654 865 mox
677 803 1038 866 simulatione
1061 823 1260 866 contra
1279 805 1427 866 Pom
1470 809 1621 866 eium
1640 809 1707 870 δι
1729 805 1863 868 Cae-

511 883 742 956 sarem,
778 883 879 946 sed
917 886 1113 945 animo
1154 907 1261 968 pro
1308 829 1531 948 Caeigre
1581 885 1749 948 stetit.
1792 886 1863 947 Id

517 967 688 1050 gratis
721 986 792 1026 an
828 984 1071 1046 accepto
1095 967 1324 1027 'centies
1357 965 1669 1028 sestertifim
1704 967 1862 1027 fece-

517 1047 703 1118 cerit,
745 1062 809 1106 ut
842 1048 1165 1128 accepimus
1188 1093 1205 1117 ,
1244 1049 1303 1106 in
1341 1046 1539 1108 medio
1578 1047 1867 1128 relinque?

517 1148 667 1194 mus.
703 1126 802 1187 Ad
831 1125 1095 1193 ultimum
1126 1125 1518 1189 saluberrimas
1552 1129 1617 1190 &
1653 1125 1871 1196 coales-

517 1209 703 1268 centis
747 1207 1107 1268 conditiones
1152 1209 1345 1288 paciS‚
1384 1229 1526 1290 quas
1568 1204 1873 1270 &Caesar-

515 1279 823 1368 iustissimo
857 1288 1051 1348 animo
1078 1287 1431 1370 postulabat,
1460 1291 1525 1352 &
1556 1287 1871 1371 Pompeius

519 1387 690 1449 aequo
714 1369 826 1428 reci
873 1368 1028 1428 iebat
1048 1413 1073 1439 ,
1105 1366 1363 1428 discussit
1390 1389 1459 1430 ac
1482 1370 1675 1448 rupit,
1697 1369 1875 1431 unice-

521 1464 764 1508 cavente
845 1448 1079 1508 icerone
1105 1447 1429 1510 concordiae
1453 1449 1715 1532 publicae.
1746 1449 1869 1510 Ha-

519 1549 650 1588 rum
695 1530 1222 1612 praeteritarumque
1264 1551 1455 1592 rerum
1496 1530 1643 1596 ordo
1692 1551 1867 1612 quum

516 1606 678 1688 justis
703 1608 944 1670 aliorum
969 1609 1357 1672 voluminibus
1376 1613 1656 1692 promitur
1671 1657 1692 1687 ,
1708 1629 1831 1672 tum
1846 1655 1871 1686 ,

522 1693 606 1752 uti
639 1688 671 1748 s
703 1709 804 1750 ero
826 1735 846 1764 ,
881 1688 1087 1750 nostris
1122 1691 1509 1772 explicabitur.
1864 1733 1871 1742 ·

602 1769 660 1828 X
725 1766 840 1829 IX.
880 1769 1053 1830 Nunc
1088 1768 1391 1852 proposit&
1428 1772 1591 1852 operi
1623 1769 1717 1834 sua
1747 1769 1874 1835 for-

521 1869 620 1911 ma
638 1849 940 1920 reddatur,
961 1853 1008 1910 si
1029 1853 1183 1932 prihs
1203 1851 1507 1932 gratulatus
1530 1872 1633 1914 ero
1653 1851 1739 1931 Q.
1760 1850 1871 1922 Ca-

519 1929 643 1990 tulo
670 1973 690 2004 ‚
741 1929 965 1992 duobus
1006 1930 1255 2009 Lucullis
1283 1978 1303 2006 ,
1348 1932 1753 2014 Metelloque,
1804 1936 1871 1999 &

523 2009 837 2072 Hortensio
864 2033 883 2086 ;
912 2013 1012 2092 qui
1033 2033 1211 2094 quum
1236 2016 1357 2074 sine
1382 2014 1597 2076 invidia
1616 2015 1674 2074 in
1700 2035 1872 2095 repu-

518 2089 674 2150 blica
708 2089 1061 2165 floruissent,
1103 2092 1571 2176 eminuissentque
1608 2095 1727 2154 sine
1770 2115 1872 2175 pe·
1919 2151 1925 2157 .

520 2170 703 2232 riculo
724 2218 744 2247 ‚
773 2174 967 2255 quiet&
1001 2190 1101 2235 aut
1134 2175 1287 2236 certe
1324 2196 1442 2234 non
1484 2176 1832 2256 praecipitaffi
1852 2217 1874 2247 ‚

517 2250 674 2312 fatali
697 2271 828 2313 ante
855 2255 1079 2314 initium
1096 2254 1383 2316 bellorum
1406 2255 1664 2315 civilium
1684 2274 1871 2317 morte

520 2331 697 2392 funffi
729 2332 872 2394 sunt.
909 2333 1159 2395 Lentulo
1193 2336 1257 2397 &
1282 2335 1562 2396 Marcello
1586 2333 1717 2397 coff.
1740 2333 1875 2416 post

519 2411 748 2472 Urbem
798 2413 1091 2474 conditam
1141 2417 1300 2476 annis
1352 2414 1723 2498 septingentis
1772 2419 1876 2474 tri-

517 2490 629 2552 bus
648 2537 668 2566 ,
700 2495 764 2555 δι.
794 2514 944 2552 anno
979 2493 1393 2576 septuagesimo
1426 2495 1667 2568 οᾶανο,
1700 2495 1877 2578 quem

519 2587 586 2634 tu
606 2617 623 2643 ,
659 2571 746 2633 M.
767 2573 965 2638 Vinici
987 2617 1008 2650 ,
1029 2574 1381 2647 consulatum
1412 2579 1583 2642 inires
1604 2597 1625 2651 ,’
1654 2577 1874 2638 bellum

523 2651 693 2716 civile
733 2657 954 2714 exarsit.
989 2655 1247 2718 Alterius
1280 2657 1439 2719 ducis
1477 2657 1637 2735 capsa
1669 2658 1876 2720 melior

521 2731 858 2818 fidebatur,
885 2736 1114 2800 alterius
1136 2755 1253 2801 erat
1272 2737 1514 2824 firmior.
1536 2738 1651 2802 Hic
1678 2741 1883 2804 omnia
