2067 3667
510 294 792 367 Hlsr.
843 298 1153 369 Lunx
1203 298 1315 369 ῙῙ.
1434 322 1565 396 113

213 414 534 479 ‘duodecies
566 415 884 480 sestertium
921 417 980 477 in
1015 414 1193 479 Creta
1228 416 1403 479 insula
1436 420 1575 479 red·

215 499 356 573 diti,
387 499 450 559 &
481 518 629 581 aqua
653 494 918 578 promissa
936 541 958 567 ,
1023 519 1111 557 uae
1136 496 1427 580 hodieque
1456 501 1573 559 sin-

214 579 408 662 gulare
445 580 512 641 &
549 577 888 639 salubritatis
919 578 978 637 in
1061 600 1089 637 r
1122 580 1187 639 &
1220 580 1575 640 amoenitatis.

215 676 620 721 ornamentum
653 657 756 720 est.
779 656 894 719 Insi
933 678 1008 719 ne
1027 679 1262 722 coronae
1286 659 1572 735 classica,-

215 762 336 823 quo
373 760 550 801 nemo
585 760 859 821 umquam
896 678 1293 802 {omanorum
1328 740 1571 801 donatus

215 838 382 898 erat,
417 822 530 883 hoc
564 820 720 881 bello
753 818 1017 902 Agrippa
1054 820 1321 903 singulari
1352 822 1569 881 virtute

213 904 445 963 meruit.
490 900 694 963 Vistor
733 900 944 961 deinde
985 897 1179 961 Caesar
1210 899 1473 962 reversus
1507 904 1571 961 in

217 980 448 1043 Urbem
471 1026 492 1055 ,
529 980 841 1043 contr-aeine
880 982 1269 1063 emptionibus
1306 981 1575 1062 complu·

217 1080 311 1123 res
359 1062 568 1123 domos
605 1082 709 1143 per
791 1079 1153 1122 rocuratores
1178 1104 1198 1133 ‚
1234 1063 1351 1143 quo
1390 1062 1579 1123 laxior.

217 1140 388 1203 fieret
421 1144 637 1223 ἱρείας,
673 1163 752 1225 pu
795 1142 920 1203 licis
959 1138 1016 1201 se
1054 1140 1245 1201 usibus
1292 1140 1575 1201 destinare
1704 1186 1727 1195 -

219 1220 496 1304 profeffus
544 1220 624 1283 est
660 1245 679 1298 ;
716 1222 1115 1305 templumque
1158 1221 1423 1303 Apollini
1452 1262 1471 1293 ,
1508 1223 1599 1283 δι·

222 1303 369 1365 circii
407 1305 665 1386 porticus
688 1350 707 1379 ,
749 1302 1024 1365 faelurum
1060 1304 1324 1384 promisit
1348 1346 1368 1375 ,
1411 1301 1575 1385 quod

222 1384 326 1525 alib
347 1404 422 1446 eo
473 1386 742 1469 singulari
791 1382 1135 1447 exstrufium
1182 1381 1575 1445 munificentffi

224 1484 256 1525 e

303 1544 616 1607 LXXXI.
639 1544 782 1624 Qui
817 1544 1004 1606 aestate
1040 1543 1235 1607 Caesar
1264 1563 1386 1607 tam
1413 1542 1577 1625 pros-

227 1626 371 1707 pere
395 1628 455 1686 in
491 1625 774 1705 Lepidum
805 1628 863 1683 in
896 1624 1083 1685 Sicilia
1104 1669 1125 1696 ‚
1161 1626 1311 1685 bene
1346 1624 1580 1685 fortuna

224 1726 336 1789 pro
363 1702 584 1765 Caesare
611 1707 672 1765 ὃ(
693 1704 987 1785 republica
1010 1706 1273 1765 militavit
1294 1706 1367 1765 ad
1391 1708 1582 1766 orien-

224 1802 364 1848 tem.
407 1785 650 1867 Quippe
683 1784 970 1845 Antonius
1009 1807 1141 1845 cum
1177 1786 1453 1847 tredecim
1490 1786 1576 1846 le·-

265 1867 490 1927 'onibus
527 1864 796 1949 ingress'us
832 1866 1167 1927 Armeniam
1189 1911 1210 1940 ‚
1251 1888 1316 1927 ac
1360 1866 1577 1927 dein'de

224 1888 486 2011 ffiediam
513 1992 547 2019 5
567 1950 632 2009 &
658 1968 762 2029 per
788 1968 882 2007 eas
907 1950 1170 2029 regiones
1198 1947 1433 2009 Parthos
1470 1969 1581 2029 pe-

227 2045 355 2090 tens
377 2072 400 2099 ‚
431 2029 628 2089 habuit
662 2049 858 2111 regem
891 2049 1093 2089 eorum
1128 2029 1369 2091 obvium
1401 2050 1420 2101 ;
1458 2030 1578 2110 pri·

228 2108 446 2191 moque
478 2110 614 2169 duas
649 2110 904 2190 legiones
933 2130 1065 2168 cum
1088 2108 1355 2167 omnibus
1391 2112 1581 2187 impe-

229 2188 501 2249 dimentis
534 2187 940 2270 tormentisque
975 2190 1042 2249 &
1084 2186 1339 2247 Statiano
1384 2187 1579 2268 legato

228 2272 420 2331 amisit
445 2290 459 2328 z
486 2290 624 2328 mox
655 2267 856 2347 saepius
885 2266 1002 2349 ipse
1023 2312 1043 2341 ,
1070 2288 1201 2327 cum
1236 2265 1457 2327 summo
1484 2286 1583 2328 to·

226 2352 338 2409 tius
373 2346 1047 2420 exercitflsdiscrimine,
1080 2368 1149 2407 ea
1184 2347 1317 2410 adiit
1352 2350 1583 2429 pericu-

231 2430 284 2491 la
307 2475 328 2504 ‚
365 2451 398 2489 e
443 2429 652 2510 quibus
689 2427 898 2488 servari
935 2426 991 2489 se
1033 2427 1193 2509 posse
1234 2426 1581 2507 desperave-
1692 2496 1695 2499 ⁴

230 2527 318 2569 rat
355 2531 374 2581 ;
415 2508 720 2591 amifflaque
765 2528 884 2569 non
936 2511 1121 2569 minus
1242 2508 1361 2567 arta
1418 2526 1581 2590 parte

230 2590 478 2650 militum
504 2634 522 2661 ‚
546 2611 610 2648 ca
653 2592 756 2649 tivi
789 2587 1081 2667 cujusdam
1100 2634 1122 2662 ‚
1184 2590 1259 2649 ed
1288 2589 1537 2649 Rotnani
1556 2636 1579 2666 ,

233 2669 478 2731 consilio
512 2690 576 2728 ac
605 2712 610 2717 -
657 2670 730 2729 de
763 2669 1016 2731 servatur
1040 2692 1059 2730 t
1094 2672 1193 2751 qui
1226 2670 1389 2731 clade
1412 2669 1587 2731 Cras·-

233 2752 376 2811 siani
395 2750 678 2813 exercitiis
697 2768 894 2833 captus
907 2795 931 2825 ,
951 2772 1129 2834 quum
1147 2749 1436 2815 fortunam
1458 2770 1581 2815 non
