2067 3667
461 302 757 381 ,Hrszz
810 304 1116 372 Lmen
1171 305 1282 374 ΙΙ.
1449 326 1528 405 51

180 420 348 481 vium
372 465 391 495 ‚
425 417 569 481 Asia
600 419 983 503 omnibusque
1019 422 1145 481 aliis
1183 424 1541 504 provinciis,

180 520 327 584 quas
350 504 521 565 armis
546 519 928 585 occupaverat
945 546 965 576 ‚
990 502 1275 564 decedere
1305 508 1413 565 coe
1455 508 1497 567 ’t
1517 550 1540 581 ‚

176 584 451 663 captivos
498 587 719 665 recepit
753 627 773 658 ,
815 583 875 641 in
913 582 1178 666 perfugas
1219 587 1397 647 noxio
1421 608 1540 668 que

178 664 587 724 anirnadvertit
614 710 632 738 ,
676 664 927 745 paternis
948 706 973 735 ,
1014 664 1076 725 id
1116 663 1198 725 est
1220 707 1241 740 ,
1282 665 1538 729 Ponticis

178 741 393 805 finibus
428 762 763 805 contentum
798 742 909 806 effe
945 742 1130 824 jussit.

258 822 507 886 XXIV.
550 823 625 888 C.
664 824 895 887 Flavius
929 825 1182 887 Fimbria
1201 872 1224 899 ‚
1299 829 1357 889 ui
1391 850 1537 912 prae-

175 902 361 966 fedius
392 926 423 967 e
470 908 653 967 uirum
680 925 811 967 ante
842 906 1158 968 adventum
1180 905 1280 969 Sul
1303 930 1352 969 ae
1369 953 1393 982 ,
1417 908 1536 971 Va-

176 986 387 1047 lerium
490 1008 692 1049 aecum
735 986 1090 1049 consularem
1125 988 1316 1049 virum
1355 992 1536 1050 inter·-

174 1068 395 1129 fecerat
416 1112 437 1143 ,
485 1071 857 1151 exercituque
882 1085 1182 1149 occupato
1215 1071 1536 1152 imperator

172 1148 496 1231 appellatus
532 1194 554 1223 ‚
604 1149 757 1209 forte
799 1147 1174 1209 Mithridaten
1279 1152 1538 1232 epuler-at

172 1230 384 1311 proelio
405 1273 425 1304 ‚
451 1228 554 1291 sub
575 1230 890 1291 adventum
905 1226 1076 1290 Sunae
1091 1228 1148 1290 se
1167 1170 1286 1312 ipse
1313 1232 1536 1306 interea-

172 1312 285 1371 mit
300 1352 321 1383 ‚
342 1310 677 1373 adolescens
694 1356 714 1386 ‚
738 1332 867 1394 quae
942 1310 1152 1371 essime
1175 1309 1344 1375 ausus
1367 1327 1488 1373 erat
1506 1356 1533 1386 ‚

4 1427 11 1438 -
120 1388 127 1397 ’
172 1390 402 1452 fortiter
441 1391 759 1454 exsecutus.
798 1391 885 1453 Eo
928 1412 1023 1452 em
1060 1412 1212 1454 anno
1248 1390 1532 1455 P.Laenas

173 1472 435 1535 tribunus
466 1474 655 1555 plebis
688 1472 821 1535 Sex.
848 1472 1130 1534 Lucilium
1150 1517 1170 1548 ‚
1201 1475 1301 1556 qui
1333 1476 1532 1557 priore

174 1574 331 1614 anno
359 1554 619 1615 tribunus
646 1555 831 1635 plebis
862 1553 1046 1615 fuerat
1065 1599 1085 1628 ,
1113 1553 1248 1614 saxo
1267 1552 1530 1635 Tarpeio

174 1632 395 1713 dejecit
430 1656 450 1710 ;
486 1636 552 1695 δι
594 1656 771 1717 quum
819 1634 1067 1774 colleg
1102 1632 1234 1715 ejus
1257 1676 1278 1708 ,
1319 1636 1529 1715 quibus

174 1716 342 1775 diem
378 1715 640 1788 dixerat,
677 1730 837 1776 metu
870 1715 953 1789 ‚ad
1071 1715 1208 1775 llam
1286 1714 1418 1777 rofu
1459 1713 1532 1776 'sl-

174 1796 332 1869 sent‚
356 1796 501 1878 aqua
534 1798 761 1880 ignique
784 1798 853 1855 iis
878 1794 1187 1857 interdix-it.
1213 1735 1374 1857 ‘lpum
1395 1736 1527 1858 gl-

176 1878 231 1937 la
252 1920 283 1950 ,,
306 1880 662 1959 compositis·
686 1876 1064 1939 transmarinis
1097 1876 1268 1937 rebus
1289 1921 1308 1947 ,
1341 1894 1526 1960 quum

172 1958 249 2017 ad
275 1977 411 2018 eum
435 2002 456 2033 ‚
536 1960 745 2021 timum
781 1959 1041 2019 omnium
1081 1956 1480 2020 Romanorum
1502 2002 1527 2034 ,

172 2038 490 2127 legatiPart
530 2060 697 2100 orum
715 2036 1026 2113 venissent,
1045 2038 1110 2100 &
1126 2041 1184 2099 in
1203 2040 1270 2098 iis
1288 2040 1526 2121 quidam

172 2118 346 2200 Magi
368 2138 440 2177 ex
460 2122 611 2179 notis
632 2121 893 2211 corporis
918 2117 1333 2201 respondissent
1353 2164 1374 2195 ,
1411 2140 1528 2182 coed

171 2198 385 2260 lestem
408 2196 533 2279 ejus
551 2202 731 2259 vitam
760 2202 825 2263 &
848 2202 1192 2261 memoriam
1223 2198 1474 2260 futuram
1501 2243 1524 2271 ,

166 2278 449 2376 reveflusj
470 2282 528 2340 in
566 2278 783 2341 Italiam
804 2324 828 2377 .’
855 2280 1007 2377 liaud
1033 2281 1200 2361 plura
1222 2283 1393 2361 quam
1420 2282 1526 2341 tri-

164 2360 1527 2525 {iiiiaffssiss‘ffiffiffssffiffisffl‘fflffliss

162 2522 293 2583 Vix
336 2524 648 2607 quidquam
688 2525 752 2585 in
788 2521 960 2585 suna
1003 2521 1274 2605 operibus
1318 2522 1524 2585 clarius

157 2604 421 2665 dixerim
458 2648 477 2679 ‚
516 2604 691 2687 quam
726 2604 886 2687 qubd
910 2648 932 2677 ,
960 2624 1149 2685 quum
1193 2622 1298 2685 per
1345 2605 1526 2664 trien-

156 2688 333 2746 nium
362 2682 645 2746 Cinnauae‘
662 2684 1055 2767 Marianaeque
1081 2702 1273 2767 partes
1303 2681 1524 2745 Italiam

158 2765 508 2831 obsiderent
525 2811 549 2844 ‚
576 2785 773 2850 neque
794 2765 1089 2829 illaturum
1113 2763 1421 2907 Γεέιςῦιιω
1455 2761 1530 2827 iis

1245 2864 1290 2925 ²1
