2067 3667
489 296 1749 384 Afflfflm

545 687 994 778 LIBER·
1068 691 1149 806 Q
1178 689 1452 779 ΗΑΒ
1486 692 1768 780 TUS.

861 972 923 1045 C
957 973 1018 1044 A
1048 974 1102 1046 P
1134 972 1202 1046 U
1233 971 1298 1044 T
1394 973 1449 1044 1.

597 1133 954 1189 BELLUM
1024 1129 1703 1190 carnuntum«.

481 1256 985 1367 Carnutum
1046 1300 1261 1362 luxuria
1369 1301 1575 1363 timum
1616 1343 1637 1376 ,
1702 1314 1829 1361 tum

479 1383 609 1444 hinc
647 1381 891 1442 conflata
923 1379 1140 1466 egestas
1177 1382 1261 1443 rei
1300 1321 1624 1454 (Emistin-is,
1661 1379 1831 1442 simul

478 1465 708 1524 occasio
736 1505 754 1536 ‚
791 1463 949 1544 quod
989 1466 1049 1522 in
1084 1462 1351 1522 extremis
1389 1459 1598 1522 finibus
1628 1462 1830 1522 mundi

475 1563 633 1604 arma
675 1541 937 1604 Romana
979 1542 1494 1626 peregrinabantur
1516 1585 1536 1616 ,
1573 1542 1631 1602 in
1666 1540 1827 1603 nefa-

474 1627 558 1686 ria
585 1625 821 1685 consilia
845 1621 1245 1706 opprimenda
1281 1625 1477 1704 patriae
1514 1621 1626 1684 suae
1661 1643 1825 1684 com-

473 1705 694 1786 pulere.
727 1702 997 1766 Senatum
1025 1703 1342 1766 confodere
1367 1749 1387 1780 ,
1423 1701 1682 1764 consules
1704 1722 1827 1765 tru-

474 1785 667 1845 cidare
689 1828 707 1858 ,
749 1783 1083 1868 distringere
1122 1785 1400 1848 incendiis
1438 1783 1705 1857 Urbem,
1747 1785 1830 1846 di-

476 1866 666 1946 ripere
718 1867 976 1926 aerarium
1014 1913 1032 1938 ,
1071 1883 1257 1928 totam
1302 1867 1551 1950 denique
1590 1885 1833 1947 tempu.-

473 1946 688 2008 blicam
727 1945 980 2006 funditus
1013 1947 1222 2008 tollere
1248 1993 1270 2020 ,
1305 1949 1370 2010 &
1403 1946 1681 2030 quidquid
1717 1967 1829 2009 nec

473 2027 730 2090 Annibal
759 2027 1055 2090 videretur
1087 2051 1125 2089 o
1168 2027 1335 2101 tasse,
1368 2028 1573 2109 quibus
1606 2026 1695 2110 (ὃ
1728 2049 1832 2089 ne-

475 2108 559 2170 fas
608 2108 674 2192 2)
724 2107 889 2169 sociis
937 2111 1107 2194 aggre
1154 2131 1218 2172 us
1270 2108 1351 2170 est
1403 2109 1424 2170 ?
1480 2107 1605 2189 Ipse
1654 2111 1832 2189 patri-

475 2193 600 2249 cius
643 2212 657 2251 τ
707 2187 804 2251 sed
845 2191 957 2252 hoc
994 2193 1182 2252 minus
1214 2189 1295 2250 est
1329 2211 1343 2251 t
1374 2187 1568 2260 Curii,
1603 2187 1831 2264 Porcii,

471 2268 648 2332 Sullae
675 2315 694 2343 ‚
754 2268 1045 2354 Cethegi,
1082 2270 1394 2342 Autronii,
1436 2270 1773 2352 Vargunteii
1806 2316 1826 2341 ,

472 2367 644 2430 atque
674 2350 964 2430 Longini,
1005 2373 1133 2432 quae
1173 2351 1400 2412 familiae
1440 2350 1460 2410 ?
1502 2372 1626 2433 quae
1662 2349 1827 2409 sena-

471 2431 564 2490 tus
626 2432 868 2511 insignia
923 2431 945 2491 ἓ
1010 2432 1283 2492 Lentulus
1340 2451 1571 2514 quoque
1639 2450 1828 2510 quum

471 2509 720 2570 maxime
767 2527 977 2591 praetor
1019 2513 1042 2573 ἓ
1087 2512 1216 2571 Hos
1268 2525 1475 2572 omn'es
1530 2512 1827 2574 immanis-

473 2592 600 2650 simi
657 2589 923 2652 facinoris
971 2588 1238 2654 satellites
1278 2594 1489 2654 habuit.
1532 2592 1825 2654 Additum

473 2668 556 2733 est
587 2672 788 2755 pignus
820 2670 1227 2752 conjurationis
1256 2673 1469 2758 sanguis
1500 2673 1782 2736 humanus
1803 2717 1827 2748 ,

471 2773 646 2840 quem
690 2755 1085 2819 circumlatum
1120 2760 1330 2839 pateris
1368 2755 1569 2818 bibere
1604 2776 1621 2817 ε
1663 2754 1829 2829 sum÷
