2067 3667
529 250 616 325 16
781 254 852 322 C.
909 201 1172 324 Veli..
1222 255 1619 327 Pareae.

519 372 752 436 dotibus
771 418 790 448 ‚
821 368 1149 457 ingeniique
1176 394 1240 433 ac
1272 370 1587 435 studiorum
1614 366 1867 437 eminenss‘

517 459 766 519 tissimus
799 452 973 515 seculi
1007 452 1091 513 sui
1119 498 1138 527 ,
1185 456 1283 537 qui
1316 454 1457 514 nihil
1500 458 1558 518 in
1597 460 1721 518 vita
1759 458 1869 539 nisi.

519 535 869 603 laudandum
914 552 1009 595 aut
1043 532 1183 594 fecit
1222 550 1317 595 aut
1354 536 1496 595 dixit
1533 558 1599 597 ac
1638 536 1809 599 sensit
1842 558 1867 613 ;

522 640 702 706 quem
723 662 742 689 ,
776 615 969 676 Paullo
998 618 1255 695 genitum
1276 661 1299 689 ,
1328 616 1664 698 adoptatum
1701 640 1735 678 a
1754 616 1872 679 Sci-

520 704 700 789 pione
725 695 984 756 Africani
1014 693 1137 756 filio
1162 738 1179 765 ,
1220 696 1464 757 diximus
1486 742 1505 771 ,
1542 699 1872 760 aedilitatem

516 788 728 869 'petens
757 775 955 836 consul
987 793 1212 837 creatus
1246 775 1347 838 est.
1378 778 1608 839 Bellum
1638 778 1876 861 Cartha-5

565 866 642 923 ini
675 861 796 942 jam
837 872 968 917 ante
1005 857 1303 919 biennium
1340 880 1377 921 a
1412 860 1700 942 prioribus
1740 882 1875 923 con-

514 942 733 1005 ‘ulibus
777 936 1002 999 illatum
1044 937 1267 1021 majore
1308 942 1371 1002 vi
1418 942 1606 1003 intulit
1630 966 1655 1017 3
1696 962 1875 1023 quum

525 1024 656 1086 ante
685 1026 744 1083 in
769 1017 1043 1101 Hispania
1066 1021 1273 1081 murali
1308 1022 1527 1083 corona
1544 1066 1563 1095 ,
1591 1028 1650 1083 in
1676 1022 1881 1084 Africa

525 1100 871 1167 obsidionali
905 1101 1148 1161 donatus
1180 1101 1317 1163 effet
1334 1125 1354 1177 ;
1389 1106 1445 1163 in
1474 1102 1749 1185 Hispania
1777 1126 1883 1165 ve·

526 1189 596 1248 rb
636 1190 808 1248 etiam
847 1202 920 1241 ex
956 1186 1373 1263 provocatione
1396 1228 1416 1255 ‚
1453 1184 1574 1264 ipse
1610 1186 1882 1247 modicus

523 1268 734 1331 virium
756 1312 777 1342 ‚
809 1264 1075 1322 immanis
1110 1264 1509 1345 magnitudinis
1542 1264 1768 1326 hostem
1802 1268 1885 1327 in'·

523 1346 848 1409 teremiss‘et.
887 1342 1146 1425 Eamque
1175 1346 1381 1404 urbem
1402 1388 1423 1418 ‚
1452 1349 1631 1429 magis
1661 1348 1888 1409 invidia

525 1430 795 1511 imperii,
833 1422 1162 1503 quamunis
1202 1423 1325 1503 ejus
1356 1431 1637 1507 temporis
1667 1430 1839 1488 noxis
1866 1474 1885 1500 ,

527 1510 772 1572 invisam
806 1509 1079 1570 Romano
1117 1508 1380 1582 nomini,
1416 1506 1669 1569 funditus
1702 1507 1893 1571 sustu-

533 1591 642 1667 lit3
683 1590 934 1675 fecitque
975 1585 1085 1648 suae
1124 1590 1350 1649 virtutis
1385 1608 1837 1651 monumentum
1868 1636 1894 1666 ‚

573 1672 696 1733 uod
730 1670 918 1733 fuerat
941 1671 1037 1731 avi
1066 1666 1187 1749 ejus
1214 1668 1554 1731 clementiae.
1588 1669 1889 1755 Carthago

534 1694 723 1815 girata
759 1752 840 1813 est
869 1800 888 1827 ‚
933 1770 1112 1833 quum
1148 1748 1383 1811 stetiffet
1410 1753 1570 1811 annis
1603 1750 1892 1812 sexcentis

532 1832 815 1917 sexaginta
859 1832 1080 1915 septem
1108 1876 1126 1902 ‚
1173 1830 1378 1892 abhinc
1421 1854 1603 1893 annos
1648 1852 1893 1893 centum

534 1913 590 1973 se
635 1916 886 1996 tuaginta
934 1912 1151 1995 septem
1182 1958 1201 1985 ,
1248 1912 1361 1975 Cn.
1408 1911 1687 1974 Cornelio
1731 1914 1895 1988 Len-

535 1937 664 2055 tulljo
693 2042 713 2071 ,
760 1994 826 2058 L.
876 1994 1169 2055 Mummio
1215 1993 1555 2057 consulibus,
1604 1994 1774 2054 Hunc
1820 1992 1898 2055 fi-

516 2084 674 2135 'nem
733 2076 928 2137 habuit
991 2076 1241 2136 Romani
1304 2079 1531 2159 imperii
1590 2075 1805 2137 Cartha
1848 2096 1894 2136 ο

536 2158 790 2233 aemula3
833 2177 964 2219 cum
1005 2178 1117 2239 qua
1158 2157 1373 2217 bellare
1420 2154 1667 2236 majores
1710 2180 1787 2231 no
1845 2160 1898 2217 ri

538 2258 772 2319 coepere
823 2236 1072 2300 Claudio
1108 2283 1127 2313 ,
1185 2241 1249 2299 δε
1299 2236 1507 2298 Fulvio
1563 2232 1701 2299 coss:
1755 2257 1897 2301 ante

537 2316 718 2379 anno's
759 2317 1039 2389 du'cen'tos
1074 2322 1379 2402 nonaginta
1414 2318 1548 2389 sex,
1586 2317 1897 2405 quitm‘tu,

537 2398 627 2459 M.
662 2397 892 2471 Vinici,
929 2398 1283 2461 consulatum
1308 2402 1499 2461 inires.
1528 2396 1621 2457 'Ita
1654 2415 1757 2481 per
1787 2395 1901 2461 hu*—

535 2500 645 2539 nos
683 2499 913 2542 centum
947 2482 1276 2565 quindecim
1302 2525 1321 2554 ,
1364 2498 1457 2541 aut
1492 2474 1709 2543 bellum
1739 2483 1901 2541 inter

539 2580 644 2619 eos
696 2564 945 2643 populos
975 2606 997 2637 ,
1046 2582 1141 2622 aut
1183 2562 1319 2622 belli
1404 2563 1698 2643 raeparatio
1727 2605 1745 2633 ,
1790 2581 1899 2625 aut

535 2638 718 2700 infida
745 2664 857 2725 pax
885 2644 994 2709 fuit
1021 2668 1034 2704 :
1068 2664 1257 2727 neque
1296 2641 1351 2703 se
1423 2664 1558 2703 orna
1582 2688 1603 2717 ‚
1628 2640 1746 2721 jam
1773 2657 1903 2701 ter-

543 2720 732 2782 rarum
783 2722 928 2788 orbe
963 2722 1287 2808 '‘superato-2,
1334 2720 1585 2786 securam
1640 2714 1905 2807 speravit
