2067 3667
485 297 759 369 Hrsr.
810 302 1120 370 ‘LIBER
1167 301 1279 370 ΙΙ.
1447 280 1560 401 6ςῖ

192 414 489 475 mediocre
542 412 749 493 adjecit
814 418 989 478 decus
1039 436 1204 479 natus
1263 437 1337 479 eo
1391 440 1544 479 anno

192 494 390 557 Divus
426 496 755 579 Augustus,
793 498 999 557 abhinc
1038 520 1216 561 annos
1256 498 1550 582 ostoginta

190 578 344 656 duos
370 598 389 651 3
412 578 682 637 omnibus
704 580 963 639 omnium
984 583 1239 660 gentium
1257 582 1396 641 viris
1428 602 1549 639 ma·-

188 658 489 741 gnitudine
540 656 637 717 sua
684 658 1007 719 induEiurus
1059 660 1379 741 caliginem.
1418 660 1546 721 Jam

188 758 345 821 pene
384 734 866 820 supervacaneum
906 740 1094 800 videri
1135 739 1360 821 potest,
1404 744 1548 802 emi-

188 819 454 880 nentium
480 821 843 900 ingeniorum
870 838 1072 881 notare
1098 837 1216 883 tem
1257 842 1392 882 ora:
1421 824 1546 903 quis

191 900 353 959 enim
408 901 631 981 ignorat
680 900 994 980 diremptos
1054 901 1206 983 gradi
1250 922 1315 961 us
1364 904 1546 962 aetatis

191 977 442 1039 floruisse
482 979 594 1039 hoc
640 996 907 1061 tempore
950 978 1302 1042 Ciceronem
1329 1025 1348 1054 ,
1387 980 1546 1041 Hor-

190 1063 445 1120 tensium
489 1103 509 1133 ,
558 1058 805 1141 saneque
859 1059 1118 1122 Crass'um
1150 1106 1169 1135 ‚
1219 1060 1506 1121 Catonem
1527 1106 1547 1136 ,

190 1138 554 1221 Sulpicium3
594 1161 850 1222 moxque
886 1138 1124 1201 Brutum
1158 1185 1181 1212 ,
1217 1140 1504 1201 Calidium
1527 1186 1551 1214 ,Α

193 1218 493 1294 (ἷοεΙίιιιῐὶ,
520 1216 773 1281 Calvum
790 1266 809 1295 ,
835 1223 901 1282 &
924 1223 1254 1303 proximum
1273 1218 1549 1282 Ciceroni

195 1298 484 1361 Caesarem
509 1324 528 1376 3
557 1322 874 1384 eorumque
906 1301 1070 1364 velut
1101 1302 1358 1364 alumnos
1392 1300 1558 1363 Cor-.

192 1384 397 1445 vinum
436 1404 503 1442 ac
540 1381 861 1443 Pollionem
906 1380 1212 1454 Asinium,
1249 1383 1547 1444 aemulum-

194 1483 313 1545 que
336 1461 719 1544 Thucydidis
758 1460 1079 1523 Sallustium
1118 1487 1137 1538 3
1177 1462 1546 1547 audioresque

197 1545 514 1623 carminum
551 1542 882 1603 Varronem
928 1566 992 1604 ac
1034 1544 1408 1616 Lucretium,
1441 1566 1548 1603 ne·-

198 1644 317 1705 que
340 1625 461 1683 ullo
484 1625 542 1684 in
564 1623 806 1705 suscepti
834 1626 1026 1706 operis
1062 1622 1144 1684 sui
1167 1627 1414 1683 carmine
1440 1626 1560 1705 mi·-

198 1723 411 1765 norem
434 1700 743 1767 Catullum.
764 1704 930 1765 -Pene
961 1703 1124 1764 stulta
1157 1702 1239 1763 est
1271 1706 1550 1764 inhaeren-

199 1787 352 1847 tium
384 1784 563 1845 oculis
594 1787 953 1869 ingeniorum
986 1787 1340 1845 enumeratio
1361 1830 1380 1859 ‚
1402 1787 1550 1845 inter

199 1886 333 1949 quae
370 1866 613 1926 maxime
649 1865 825 1927 nostri
860 1868 969 1925 aevi
996 1868 1252 1929 eminent
1283 1868 1551 1949 princeps

200 1948 515 2009 carminum
546 1946 823 2029 Virgilius
858 1946 1272 2028 Rabiriusque‚
1308 1950 1371 2010 ὅ(
1407 1969 1556 2027 εστι-ὴ

201 2027 423 2087 secutus
454 2021 776 2087 Sallustium
800 2028 997 2089 Livius
1018 2074 1038 2102 ,
1072 2027 1450 2108 Tibullusque
1486 2030 1556 2089 &²

200 2098 357 2191 Naso
384 2152 403 2181 ‚
444 2107 838 2189 perfeffissimi
880 2111 937 2166 in
974 2106 1162 2167 forma
1201 2112 1392 2189 operis
1431 2108 1548 2169 sui:

202 2208 339 2247 nam
359 2190 627 2249 vivorum
646 2206 707 2249 ut
726 2208 932 2271 magna
950 2188 1251 2249 admiratio
1274 2232 1293 2261 ,
1317 2190 1397 2247 ita
1421 2207 1556 2249 cen-

202 2264 328 2329 sura
365 2266 607 2329 difficilis
643 2268 745 2330 est.
1401 2300 1408 2309 ’
1549 2322 1560 2335 .

284 2346 629 2409 XXXVII.
672 2346 835 2409 Dum
862 2348 981 2409 haec
1004 2350 1064 2408 in
1093 2346 1255 2408 Urbe
1278 2347 1562 2431 Italiaque

205 2440 479 2511 'geruntur
499 2474 522 2501 ,
554 2428 667 2491 Cn.
700 2429 1009 2513 Pompeius
1042 2429 1420 2489 memorabile
1449 2429 1554 2489 ad-

204 2512 406 2570 versus
434 2509 806 2569 Mithridaten
830 2554 852 2582 ,
887 2512 987 2592 qui
1019 2509 1150 2592 post
1178 2508 1397 2570 Luculli
1419 2528 1556 2591 pro·

202 2588 515 2653 feffionem
539 2610 775 2673 magnas
798 2593 941 2651 novi
969 2592 1250 2651 exercitiis
1283 2593 1438 2651 vires
1464 2612 1557 2652 re-

202 2688 506 2752 paraverat
525 2715 546 2745 ,
583 2670 799 2731 bellum
830 2673 1023 2753 gessit.
1052 2669 1136 2732 At
1164 2692 1266 2731 rex
1291 2669 1440 2733 fusus
1465 2670 1558 2733 fu-

93 2787 110 2805 ·
202 2750 479 2835 gatusque
500 2795 521 2827 ,
554 2753 619 2815 &
654 2753 921 2815 omnibus
956 2768 1156 2815 exutus
1194 2754 1376 2837 copiis
1397 2796 1416 2829 ,
1441 2750 1559 2832 Ar·-i
