<?xml version="1.0" encoding="UTF-8"?>
<!DOCTYPE html PUBLIC "-//W3C//DTD XHTML 1.0 Transitional//EN"
    "http://www.w3.org/TR/xhtml1/DTD/xhtml1-transitional.dtd">
<html xmlns="http://www.w3.org/1999/xhtml" xml:lang="en" lang="en">
 <head>
  <title>
</title>
<meta http-equiv="Content-Type" content="text/html;charset=utf-8" />
  <meta name='ocr-system' content='tesseract 3.04.00' />
  <meta name='ocr-capabilities' content='ocr_page ocr_carea ocr_par ocr_line ocrx_word'/>
</head>
<body>
  <div class='ocr_page' id='page_1' title='image "./caiivelleiipate00lallgoog_0185.png"; bbox 0 0 2067 3667; ppageno 0'>
   <div class='ocr_carea' id='block_1_1' title="bbox 533 254 1635 351">
    <p class='ocr_par' dir='ltr' id='par_1_1' title="bbox 533 254 1635 351">
     <span class='ocr_line' id='line_1_1' title="bbox 533 254 1635 351; baseline 0.004 -29"><span class='ocrx_word' id='word_1_1' title='bbox 533 254 862 338; x_wconf 60' lang='lat' dir='ltr'>‚Hlsru</span> <span class='ocrx_word' id='word_1_2' title='bbox 913 255 1233 339; x_wconf 63' lang='lat' dir='ltr'><em>LIBER</em></span> <span class='ocrx_word' id='word_1_3' title='bbox 1284 256 1395 325; x_wconf 88' lang='lat' dir='ltr'>II.</span> <span class='ocrx_word' id='word_1_4' title='bbox 1506 255 1635 351; x_wconf 84' lang='lat'>163</span> 
     </span>
    </p>
   </div>
   <div class='ocr_carea' id='block_1_2' title="bbox 240 370 1723 2813">
    <p class='ocr_par' dir='ltr' id='par_1_2' title="bbox 240 370 1723 2813">
     <span class='ocr_line' id='line_1_2' title="bbox 289 370 1641 449; baseline 0.001 -16"><span class='ocrx_word' id='word_1_5' title='bbox 289 372 365 434; x_wconf 89' lang='lat' dir='ltr'>T.</span> <span class='ocrx_word' id='word_1_6' title='bbox 385 370 812 435; x_wconf 86' lang='lat' dir='ltr'>Coruncanium</span> <span class='ocrx_word' id='word_1_7' title='bbox 827 420 844 444; x_wconf 88' lang='lat'><strong>,</strong></span> <span class='ocrx_word' id='word_1_8' title='bbox 861 374 1163 441; x_wconf 87' lang='lat' dir='ltr'>hominem</span> <span class='ocrx_word' id='word_1_9' title='bbox 1180 370 1403 435; x_wconf 74' lang='lat' dir='ltr'>novut&#39;n</span> <span class='ocrx_word' id='word_1_10' title='bbox 1417 418 1438 449; x_wconf 86' lang='lat'>‚</span> <span class='ocrx_word' id='word_1_11' title='bbox 1471 441 1478 446; x_wconf 62' lang='grc'><em>,</em></span> <span class='ocrx_word' id='word_1_12' title='bbox 1503 396 1641 437; x_wconf 87' lang='lat' dir='ltr'>uum</span> 
     </span>
     <span class='ocr_line' id='line_1_3' title="bbox 289 395 1641 537; baseline 0.001 -23"><span class='ocrx_word' id='word_1_13' title='bbox 289 456 414 514; x_wconf 79' lang='lat' dir='ltr'>aliis</span> <span class='ocrx_word' id='word_1_14' title='bbox 445 457 716 518; x_wconf 73' lang='lat' dir='ltr'>omnibus</span> <span class='ocrx_word' id='word_1_15' title='bbox 749 455 1071 517; x_wconf 85' lang='lat' dir='ltr'>honoribus</span> <span class='ocrx_word' id='word_1_16' title='bbox 1096 500 1117 535; x_wconf 81' lang='lat'><strong>,</strong></span> <span class='ocrx_word' id='word_1_17' title='bbox 1143 473 1271 517; x_wconf 86' lang='lat' dir='ltr'>tum</span> <span class='ocrx_word' id='word_1_18' title='bbox 1305 395 1641 537; x_wconf 58' lang='lat' dir='ltr'>pomfficatu</span> 
     </span>
     <span class='ocr_line' id='line_1_4' title="bbox 288 536 1639 619; baseline 0.001 -24"><span class='ocrx_word' id='word_1_19' title='bbox 288 539 463 595; x_wconf 84' lang='lat' dir='ltr'>etiam</span> <span class='ocrx_word' id='word_1_20' title='bbox 515 538 774 597; x_wconf 83' lang='lat' dir='ltr'>maximo</span> <span class='ocrx_word' id='word_1_21' title='bbox 813 582 834 609; x_wconf 85' lang='lat'><em>,</em></span> <span class='ocrx_word' id='word_1_22' title='bbox 877 536 952 597; x_wconf 80' lang='lat' dir='ltr'>ad</span> <span class='ocrx_word' id='word_1_23' title='bbox 1005 537 1325 619; x_wconf 86' lang='lat' dir='ltr'>principale</span> <span class='ocrx_word' id='word_1_24' title='bbox 1382 538 1639 598; x_wconf 80' lang='lat' dir='ltr'>extulere</span> 
     </span>
     <span class='ocr_line' id='line_1_5' title="bbox 285 615 1641 700; baseline 0.001 -23"><span class='ocrx_word' id='word_1_25' title='bbox 285 616 571 698; x_wconf 85' lang='lat' dir='ltr'>fastigium</span> <span class='ocrx_word' id='word_1_26' title='bbox 621 640 643 693; x_wconf 83' lang='lat'>3</span> <span class='ocrx_word' id='word_1_27' title='bbox 687 620 756 681; x_wconf 84' lang='lat'>&amp;</span> <span class='ocrx_word' id='word_1_28' title='bbox 791 615 1051 700; x_wconf 56' lang='lat' dir='ltr'>‘equestri</span> <span class='ocrx_word' id='word_1_29' title='bbox 1103 618 1240 679; x_wconf 86' lang='lat' dir='ltr'>loco</span> <span class='ocrx_word' id='word_1_30' title='bbox 1288 635 1487 677; x_wconf 81' lang='lat' dir='ltr'>natum</span> <span class='ocrx_word' id='word_1_31' title='bbox 1537 616 1641 698; x_wconf 87' lang='lat' dir='ltr'>Sp.</span> 
     </span>
     <span class='ocr_line' id='line_1_6' title="bbox 287 696 1641 774; baseline 0 -15"><span class='ocrx_word' id='word_1_32' title='bbox 287 696 610 759; x_wconf 79' lang='lat' dir='ltr'>Carvilium</span> <span class='ocrx_word' id='word_1_33' title='bbox 633 745 654 773; x_wconf 93' lang='lat'><strong>,</strong></span> <span class='ocrx_word' id='word_1_34' title='bbox 681 700 746 760; x_wconf 89' lang='lat'>&amp;</span> <span class='ocrx_word' id='word_1_35' title='bbox 766 719 908 759; x_wconf 83' lang='lat' dir='ltr'>mox</span> <span class='ocrx_word' id='word_1_36' title='bbox 934 698 1024 759; x_wconf 92' lang='lat' dir='ltr'>M.</span> <span class='ocrx_word' id='word_1_37' title='bbox 1058 696 1345 761; x_wconf 83' lang='lat' dir='ltr'>Catonem</span> <span class='ocrx_word' id='word_1_38' title='bbox 1368 743 1389 774; x_wconf 88' lang='lat'><strong>,</strong></span> <span class='ocrx_word' id='word_1_39' title='bbox 1417 720 1641 761; x_wconf 84' lang='lat' dir='ltr'>novum</span> 
     </span>
     <span class='ocr_line' id='line_1_7' title="bbox 272 778 1644 861; baseline 0 -22"><span class='ocrx_word' id='word_1_40' title='bbox 272 782 456 854; x_wconf 50' lang='lat' dir='ltr'>,etiam</span> <span class='ocrx_word' id='word_1_41' title='bbox 475 824 502 851; x_wconf 84' lang='lat'>,.</span> <span class='ocrx_word' id='word_1_42' title='bbox 523 778 780 841; x_wconf 89' lang='lat' dir='ltr'>Tusculo</span> <span class='ocrx_word' id='word_1_43' title='bbox 797 826 813 849; x_wconf 92' lang='lat'><strong>,</strong></span> <span class='ocrx_word' id='word_1_44' title='bbox 837 780 1014 841; x_wconf 85' lang='lat' dir='ltr'>Urbis</span> <span class='ocrx_word' id='word_1_45' title='bbox 1036 781 1375 861; x_wconf 85' lang='lat' dir='ltr'>inquilinum</span> <span class='ocrx_word' id='word_1_46' title='bbox 1394 824 1421 853; x_wconf 84' lang='lat'>,</span> <span class='ocrx_word' id='word_1_47' title='bbox 1445 779 1644 840; x_wconf 86' lang='lat' dir='ltr'>Mum-</span> 
     </span>
     <span class='ocr_line' id='line_1_8' title="bbox 283 859 1641 942; baseline -0.001 -21"><span class='ocrx_word' id='word_1_48' title='bbox 283 864 582 942; x_wconf 85' lang='lat' dir='ltr'>miumque</span> <span class='ocrx_word' id='word_1_49' title='bbox 619 859 944 921; x_wconf 77' lang='lat' dir='ltr'>Achaicum</span> <span class='ocrx_word' id='word_1_50' title='bbox 993 862 1055 921; x_wconf 89' lang='lat' dir='ltr'>in</span> <span class='ocrx_word' id='word_1_51' title='bbox 1103 859 1427 921; x_wconf 82' lang='lat' dir='ltr'>consulatus</span> <span class='ocrx_word' id='word_1_52' title='bbox 1446 906 1465 931; x_wconf 91' lang='lat'>,</span> <span class='ocrx_word' id='word_1_53' title='bbox 1502 881 1641 921; x_wconf 89' lang='lat' dir='ltr'>cen-</span> 
     </span>
     <span class='ocr_line' id='line_1_9' title="bbox 285 940 1643 1023; baseline -0.001 -23"><span class='ocrx_word' id='word_1_54' title='bbox 285 940 440 1000; x_wconf 85' lang='lat' dir='ltr'>suras</span> <span class='ocrx_word' id='word_1_55' title='bbox 465 984 484 1013; x_wconf 89' lang='lat'><strong>‚</strong></span> <span class='ocrx_word' id='word_1_56' title='bbox 522 944 588 1002; x_wconf 88' lang='lat'>&amp;</span> <span class='ocrx_word' id='word_1_57' title='bbox 614 942 940 1023; x_wconf 87' lang='lat' dir='ltr'>triumphos</span> <span class='ocrx_word' id='word_1_58' title='bbox 975 961 1304 1023; x_wconf 82' lang='lat' dir='ltr'>provexere</span> <span class='ocrx_word' id='word_1_59' title='bbox 1338 962 1353 1001; x_wconf 73' lang='grc' dir='ltr'><em>τ</em></span> <span class='ocrx_word' id='word_1_60' title='bbox 1397 943 1462 1002; x_wconf 89' lang='lat'>&amp;</span> <span class='ocrx_word' id='word_1_61' title='bbox 1479 984 1502 1011; x_wconf 91' lang='lat'>,</span> <span class='ocrx_word' id='word_1_62' title='bbox 1542 940 1643 1022; x_wconf 84' lang='lat' dir='ltr'>qui</span> 
     </span>
     <span class='ocr_line' id='line_1_10' title="bbox 289 1018 1643 1103; baseline 0 -22"><span class='ocrx_word' id='word_1_63' title='bbox 289 1018 362 1081; x_wconf 88' lang='lat' dir='ltr'>C.</span> <span class='ocrx_word' id='word_1_64' title='bbox 409 1020 666 1081; x_wconf 83' lang='lat' dir='ltr'>Marium</span> <span class='ocrx_word' id='word_1_65' title='bbox 695 1066 716 1095; x_wconf 85' lang='lat'>‚</span> <span class='ocrx_word' id='word_1_66' title='bbox 755 1024 973 1103; x_wconf 68' lang='lat' dir='ltr'>ignotae</span> <span class='ocrx_word' id='word_1_67' title='bbox 1018 1024 1255 1103; x_wconf 84' lang='lat' dir='ltr'>originis</span> <span class='ocrx_word' id='word_1_68' title='bbox 1286 1064 1307 1093; x_wconf 85' lang='lat'>‚</span> <span class='ocrx_word' id='word_1_69' title='bbox 1346 1020 1523 1103; x_wconf 82' lang='lat' dir='ltr'>usque</span> <span class='ocrx_word' id='word_1_70' title='bbox 1568 1020 1643 1081; x_wconf 84' lang='lat' dir='ltr'>ad</span> 
     </span>
     <span class='ocr_line' id='line_1_11' title="bbox 287 1099 1644 1163; baseline 0.002 -3"><span class='ocrx_word' id='word_1_71' title='bbox 287 1100 513 1162; x_wconf 82' lang='lat' dir='ltr'>sextum</span> <span class='ocrx_word' id='word_1_72' title='bbox 558 1099 914 1162; x_wconf 86' lang='lat' dir='ltr'>consulatum</span> <span class='ocrx_word' id='word_1_73' title='bbox 955 1104 1081 1162; x_wconf 85' lang='lat' dir='ltr'>sine</span> <span class='ocrx_word' id='word_1_74' title='bbox 1122 1101 1479 1163; x_wconf 81' lang='lat' dir='ltr'>dubitatione</span> <span class='ocrx_word' id='word_1_75' title='bbox 1516 1100 1644 1163; x_wconf 89' lang='lat' dir='ltr'>Ro-</span> 
     </span>
     <span class='ocr_line' id='line_1_12' title="bbox 287 1182 1647 1265; baseline 0 -23"><span class='ocrx_word' id='word_1_76' title='bbox 287 1184 442 1242; x_wconf 83' lang='lat' dir='ltr'>mani</span> <span class='ocrx_word' id='word_1_77' title='bbox 477 1185 723 1243; x_wconf 80' lang='lat' dir='ltr'>nominis</span> <span class='ocrx_word' id='word_1_78' title='bbox 747 1182 998 1243; x_wconf 82' lang='lat' dir='ltr'>habuere</span> <span class='ocrx_word' id='word_1_79' title='bbox 1026 1185 1349 1265; x_wconf 82' lang='lat' dir='ltr'>principem</span> <span class='ocrx_word' id='word_1_80' title='bbox 1371 1205 1389 1257; x_wconf 82' lang='lat'><em>3</em></span> <span class='ocrx_word' id='word_1_81' title='bbox 1412 1184 1479 1245; x_wconf 90' lang='lat'>&amp;</span> <span class='ocrx_word' id='word_1_82' title='bbox 1501 1226 1519 1255; x_wconf 88' lang='lat'>‚</span> <span class='ocrx_word' id='word_1_83' title='bbox 1543 1184 1647 1265; x_wconf 85' lang='lat' dir='ltr'>qui</span> 
     </span>
     <span class='ocr_line' id='line_1_13' title="bbox 288 1252 1723 1345; baseline 0.001 -23"><span class='ocrx_word' id='word_1_84' title='bbox 288 1262 381 1323; x_wconf 86' lang='grc' dir='ltr'>Μ.-</span> <span class='ocrx_word' id='word_1_85' title='bbox 402 1261 598 1323; x_wconf 80' lang='lat' dir='ltr'>Tullio</span> <span class='ocrx_word' id='word_1_86' title='bbox 631 1279 850 1325; x_wconf 83' lang='lat' dir='ltr'>tanturn</span> <span class='ocrx_word' id='word_1_87' title='bbox 884 1263 1271 1337; x_wconf 80' lang='lat' dir='ltr'>tribuere‚-ut&#39;</span> <span class='ocrx_word' id='word_1_88' title='bbox 1284 1284 1435 1345; x_wconf 85' lang='lat' dir='ltr'>pene</span> <span class='ocrx_word' id='word_1_89' title='bbox 1462 1262 1643 1323; x_wconf 77' lang='lat' dir='ltr'>ass&#39;en-</span> <span class='ocrx_word' id='word_1_90' title='bbox 1710 1252 1723 1277; x_wconf 74' lang='lat'><em>¹</em></span> 
     </span>
     <span class='ocr_line' id='line_1_14' title="bbox 285 1341 1648 1426; baseline 0 -23"><span class='ocrx_word' id='word_1_91' title='bbox 285 1345 504 1403; x_wconf 82' lang='lat' dir='ltr'>tatione</span> <span class='ocrx_word' id='word_1_92' title='bbox 555 1341 652 1405; x_wconf 56' lang='lat' dir='ltr'>sua</span> <span class='ocrx_word' id='word_1_93' title='bbox 688 1389 708 1419; x_wconf 90' lang='lat'><strong>,</strong></span> <span class='ocrx_word' id='word_1_94' title='bbox 751 1344 959 1426; x_wconf 87' lang='lat' dir='ltr'>quibus</span> <span class='ocrx_word' id='word_1_95' title='bbox 1009 1345 1195 1407; x_wconf 81' lang='lat' dir='ltr'>vellet</span> <span class='ocrx_word' id='word_1_96' title='bbox 1222 1387 1242 1416; x_wconf 94' lang='lat'><strong>‚</strong></span> <span class='ocrx_word' id='word_1_97' title='bbox 1292 1346 1473 1426; x_wconf 86' lang='lat' dir='ltr'>princi</span> <span class='ocrx_word' id='word_1_98' title='bbox 1518 1361 1648 1404; x_wconf 73' lang='lat' dir='ltr'>arus</span> 
     </span>
     <span class='ocr_line' id='line_1_15' title="bbox 287 1426 1645 1508; baseline 0 -23"><span class='ocrx_word' id='word_1_99' title='bbox 287 1426 618 1485; x_wconf 85' lang='lat' dir='ltr'>conciliaret</span> <span class='ocrx_word' id='word_1_100' title='bbox 652 1448 674 1500; x_wconf 90' lang='lat'>;</span> <span class='ocrx_word' id='word_1_101' title='bbox 711 1428 924 1508; x_wconf 83' lang='lat' dir='ltr'>quique</span> <span class='ocrx_word' id='word_1_102' title='bbox 961 1426 1105 1486; x_wconf 87' lang='lat' dir='ltr'>nihil</span> <span class='ocrx_word' id='word_1_103' title='bbox 1144 1426 1353 1485; x_wconf 89' lang='lat' dir='ltr'>Asinio</span> <span class='ocrx_word' id='word_1_104' title='bbox 1384 1426 1475 1487; x_wconf 76' lang='lat' dir='ltr'>-Po</span> <span class='ocrx_word' id='word_1_105' title='bbox 1500 1427 1645 1485; x_wconf 87' lang='lat' dir='ltr'>lioni</span> 
     </span>
     <span class='ocr_line' id='line_1_16' title="bbox 285 1505 1641 1589; baseline 0.001 -24"><span class='ocrx_word' id='word_1_106' title='bbox 285 1524 641 1587; x_wconf 83' lang='lat' dir='ltr'>negaverunt</span> <span class='ocrx_word' id='word_1_107' title='bbox 677 1552 696 1580; x_wconf 92' lang='lat'>,</span> <span class='ocrx_word' id='word_1_108' title='bbox 753 1507 916 1589; x_wconf 87' lang='lat' dir='ltr'>quod</span> <span class='ocrx_word' id='word_1_109' title='bbox 955 1507 1378 1567; x_wconf 85' lang='lat' dir='ltr'>-nobilissimis·</span> <span class='ocrx_word' id='word_1_110' title='bbox 1412 1505 1641 1567; x_wconf 81' lang='lat' dir='ltr'>summo</span> 
     </span>
     <span class='ocr_line' id='line_1_17' title="bbox 287 1584 1639 1669; baseline 0.001 -23"><span class='ocrx_word' id='word_1_111' title='bbox 287 1608 421 1647; x_wconf 88' lang='lat' dir='ltr'>cum</span> <span class='ocrx_word' id='word_1_112' title='bbox 450 1585 654 1647; x_wconf 89' lang='lat' dir='ltr'>sudore</span> <span class='ocrx_word' id='word_1_113' title='bbox 689 1586 1160 1669; x_wconf 86' lang='lat' dir='ltr'>consequendum</span> <span class='ocrx_word' id='word_1_114' title='bbox 1186 1586 1337 1648; x_wconf 84' lang='lat' dir='ltr'>foret</span> <span class='ocrx_word' id='word_1_115' title='bbox 1355 1629 1375 1659; x_wconf 89' lang='lat'><strong>,</strong></span> <span class='ocrx_word' id='word_1_116' title='bbox 1407 1584 1639 1668; x_wconf 87' lang='lat' dir='ltr'>profec-</span> 
     </span>
     <span class='ocr_line' id='line_1_18' title="bbox 285 1664 1641 1747; baseline 0.003 -20"><span class='ocrx_word' id='word_1_117' title='bbox 285 1669 350 1727; x_wconf 70' lang='grc' dir='ltr'>τὸ</span> <span class='ocrx_word' id='word_1_118' title='bbox 384 1668 498 1729; x_wconf 92' lang='lat' dir='ltr'>hoc</span> <span class='ocrx_word' id='word_1_119' title='bbox 537 1665 865 1747; x_wconf 86' lang='lat' dir='ltr'>senserunt,</span> <span class='ocrx_word' id='word_1_120' title='bbox 904 1670 963 1727; x_wconf 89' lang='lat' dir='ltr'>in</span> <span class='ocrx_word' id='word_1_121' title='bbox 997 1664 1289 1747; x_wconf 82' lang='lat' dir='ltr'>cujuscum</span> <span class='ocrx_word' id='word_1_122' title='bbox 1343 1666 1405 1727; x_wconf 70' lang='lat' dir='ltr'>&#39;e</span> <span class='ocrx_word' id='word_1_123' title='bbox 1442 1668 1641 1731; x_wconf 82' lang='lat' dir='ltr'>animo</span> 
     </span>
     <span class='ocr_line' id='line_1_19' title="bbox 285 1746 1641 1829; baseline 0 -20"><span class='ocrx_word' id='word_1_124' title='bbox 285 1751 470 1809; x_wconf 82' lang='lat' dir='ltr'>virtus</span> <span class='ocrx_word' id='word_1_125' title='bbox 505 1746 704 1813; x_wconf 82' lang='lat' dir='ltr'>ineffet</span> <span class='ocrx_word' id='word_1_126' title='bbox 726 1792 745 1821; x_wconf 91' lang='lat'><strong>,</strong></span> <span class='ocrx_word' id='word_1_127' title='bbox 787 1750 841 1809; x_wconf 87' lang='lat' dir='ltr'>ei</span> <span class='ocrx_word' id='word_1_128' title='bbox 885 1748 1193 1829; x_wconf 88' lang='lat' dir='ltr'>plurimum</span> <span class='ocrx_word' id='word_1_129' title='bbox 1232 1769 1265 1809; x_wconf 91' lang='lat' dir='ltr'>e</span> <span class='ocrx_word' id='word_1_130' title='bbox 1312 1769 1345 1827; x_wconf 78' lang='lat' dir='ltr'>e</span> <span class='ocrx_word' id='word_1_131' title='bbox 1382 1748 1641 1809; x_wconf 83' lang='lat' dir='ltr'>tribuen-</span> 
     </span>
     <span class='ocr_line' id='line_1_20' title="bbox 286 1828 1645 1911; baseline 0 -22"><span class='ocrx_word' id='word_1_132' title='bbox 286 1829 447 1891; x_wconf 87' lang='lat' dir='ltr'>dum.</span> <span class='ocrx_word' id='word_1_133' title='bbox 487 1830 634 1891; x_wconf 80' lang='lat' dir='ltr'>Haec</span> <span class='ocrx_word' id='word_1_134' title='bbox 674 1832 948 1891; x_wconf 78' lang='lat' dir='ltr'>naturalis</span> <span class='ocrx_word' id='word_1_135' title='bbox 991 1828 1245 1911; x_wconf 80' lang='lat' dir='ltr'>exempli</span> <span class='ocrx_word' id='word_1_136' title='bbox 1279 1828 1527 1891; x_wconf 81' lang='lat' dir='ltr'>imitatio</span> <span class='ocrx_word' id='word_1_137' title='bbox 1564 1828 1645 1889; x_wconf 74' lang='lat' dir='ltr'>ad</span> 
     </span>
     <span class='ocr_line' id='line_1_21' title="bbox 240 1908 1641 1993; baseline 0.003 -26"><span class='ocrx_word' id='word_1_138' title='bbox 240 1911 704 1992; x_wconf 67' lang='lat' dir='ltr'>&#39;experiendum</span> <span class='ocrx_word' id='word_1_139' title='bbox 735 1908 1004 1993; x_wconf 69' lang='lat' dir='ltr'>sejanum</span> <span class='ocrx_word' id='word_1_140' title='bbox 1023 1955 1045 1984; x_wconf 91' lang='lat'>‚</span> <span class='ocrx_word' id='word_1_141' title='bbox 1084 1908 1373 1973; x_wconf 77' lang='lat' dir='ltr'>Caesarem</span> <span class='ocrx_word' id='word_1_142' title='bbox 1398 1933 1419 1986; x_wconf 90' lang='lat'>;</span> <span class='ocrx_word' id='word_1_143' title='bbox 1446 1911 1519 1971; x_wconf 87' lang='lat' dir='ltr'>ad</span> <span class='ocrx_word' id='word_1_144' title='bbox 1544 1908 1641 1991; x_wconf 79' lang='lat' dir='ltr'>ju·</span> 
     </span>
     <span class='ocr_line' id='line_1_22' title="bbox 264 1989 1639 2074; baseline 0.003 -27"><span class='ocrx_word' id='word_1_145' title='bbox 264 1993 474 2051; x_wconf 79' lang='lat' dir='ltr'>‚vanda</span> <span class='ocrx_word' id='word_1_146' title='bbox 493 1992 640 2053; x_wconf 75' lang='lat' dir='ltr'>verb</span> <span class='ocrx_word' id='word_1_147' title='bbox 663 2013 844 2053; x_wconf 82' lang='lat' dir='ltr'>onera</span> <span class='ocrx_word' id='word_1_148' title='bbox 864 1992 1141 2074; x_wconf 85' lang='lat' dir='ltr'>Principis</span> <span class='ocrx_word' id='word_1_149' title='bbox 1158 2036 1178 2065; x_wconf 89' lang='lat'><strong>,</strong></span> <span class='ocrx_word' id='word_1_150' title='bbox 1206 1989 1475 2071; x_wconf 77' lang='lat' dir='ltr'>Seianum</span> <span class='ocrx_word' id='word_1_151' title='bbox 1503 2012 1639 2073; x_wconf 69' lang='lat' dir='ltr'>prog-</span> 
     </span>
     <span class='ocr_line' id='line_1_23' title="bbox 287 2071 1639 2155; baseline 0.001 -24"><span class='ocrx_word' id='word_1_152' title='bbox 287 2072 457 2145; x_wconf 83' lang='lat' dir='ltr'>tulit3</span> <span class='ocrx_word' id='word_1_153' title='bbox 490 2071 860 2155; x_wconf 86' lang='lat' dir='ltr'>senatumque</span> <span class='ocrx_word' id='word_1_154' title='bbox 893 2074 960 2135; x_wconf 75' lang='grc' dir='ltr'>δι.</span> <span class='ocrx_word' id='word_1_155' title='bbox 991 2073 1279 2155; x_wconf 87' lang='lat' dir='ltr'>populum</span> <span class='ocrx_word' id='word_1_156' title='bbox 1305 2072 1639 2133; x_wconf 82' lang='lat' dir='ltr'>Romanum</span> 
     </span>
     <span class='ocr_line' id='line_1_24' title="bbox 288 2152 1637 2233; baseline 0.001 -21"><span class='ocrx_word' id='word_1_157' title='bbox 288 2152 362 2213; x_wconf 78' lang='lat' dir='ltr'>eb</span> <span class='ocrx_word' id='word_1_158' title='bbox 397 2154 703 2232; x_wconf 85' lang='lat' dir='ltr'>perduxit,</span> <span class='ocrx_word' id='word_1_159' title='bbox 735 2171 800 2218; x_wconf 82' lang='lat' dir='ltr'>ut</span> <span class='ocrx_word' id='word_1_160' title='bbox 833 2199 876 2227; x_wconf 70' lang='lat'>,‚</span> <span class='ocrx_word' id='word_1_161' title='bbox 926 2155 1048 2215; x_wconf 88' lang='lat' dir='ltr'>uod</span> <span class='ocrx_word' id='word_1_162' title='bbox 1084 2152 1187 2213; x_wconf 88' lang='lat' dir='ltr'>usu</span> <span class='ocrx_word' id='word_1_163' title='bbox 1221 2154 1505 2233; x_wconf 84' lang='lat' dir='ltr'>optimum</span> <span class='ocrx_word' id='word_1_164' title='bbox 1543 2156 1637 2213; x_wconf 88' lang='lat' dir='ltr'>in·-</span> 
     </span>
     <span class='ocr_line' id='line_1_25' title="bbox 285 2175 1637 2316; baseline -0.001 -22"><span class='ocrx_word' id='word_1_165' title='bbox 285 2234 527 2316; x_wconf 84' lang='lat' dir='ltr'>telligit,</span> <span class='ocrx_word' id='word_1_166' title='bbox 573 2235 634 2294; x_wconf 89' lang='lat' dir='ltr'>id</span> <span class='ocrx_word' id='word_1_167' title='bbox 677 2236 737 2293; x_wconf 88' lang='lat' dir='ltr'>in</span> <span class='ocrx_word' id='word_1_168' title='bbox 778 2175 1021 2295; x_wconf 47' lang='lat' dir='ltr'>tutetiam</span> <span class='ocrx_word' id='word_1_169' title='bbox 1064 2231 1370 2295; x_wconf 75' lang='lat' dir='ltr'>securitatis</span> <span class='ocrx_word' id='word_1_170' title='bbox 1410 2234 1523 2297; x_wconf 81' lang='lat' dir='ltr'>suae</span> <span class='ocrx_word' id='word_1_171' title='bbox 1564 2232 1637 2294; x_wconf 87' lang='lat' dir='ltr'>li-</span> 
     </span>
     <span class='ocr_line' id='line_1_26' title="bbox 285 2315 842 2376; baseline 0.002 -1"><span class='ocrx_word' id='word_1_172' title='bbox 285 2315 490 2376; x_wconf 88' lang='lat' dir='ltr'>benter</span> <span class='ocrx_word' id='word_1_173' title='bbox 521 2316 794 2376; x_wconf 86' lang='lat' dir='ltr'>advocet.</span> <span class='ocrx_word' id='word_1_174' title='bbox 837 2358 842 2364; x_wconf 76' lang='lat'><strong>·</strong></span> 
     </span>
     <span class='ocr_line' id='line_1_27' title="bbox 265 2394 1635 2478; baseline 0 -21"><span class='ocrx_word' id='word_1_175' title='bbox 265 2444 270 2450; x_wconf 82' lang='lat'>.</span> <span class='ocrx_word' id='word_1_176' title='bbox 369 2394 686 2461; x_wconf 88' lang='lat' dir='ltr'>CXXIX.</span> <span class='ocrx_word' id='word_1_177' title='bbox 717 2394 832 2457; x_wconf 89' lang='lat' dir='ltr'>Sed</span> <span class='ocrx_word' id='word_1_178' title='bbox 851 2442 870 2471; x_wconf 89' lang='lat'>‚</span> <span class='ocrx_word' id='word_1_179' title='bbox 898 2418 1002 2478; x_wconf 86' lang='lat' dir='ltr'>pro</span> <span class='ocrx_word' id='word_1_180' title='bbox 1050 2396 1197 2458; x_wconf 60' lang='lat' dir='ltr'>osita</span> <span class='ocrx_word' id='word_1_181' title='bbox 1220 2397 1379 2477; x_wconf 82' lang='lat' dir='ltr'>quasi</span> <span class='ocrx_word' id='word_1_182' title='bbox 1402 2397 1635 2459; x_wconf 82' lang='lat' dir='ltr'>univer·-</span> 
     </span>
     <span class='ocr_line' id='line_1_28' title="bbox 265 2474 1637 2557; baseline 0 -20"><span class='ocrx_word' id='word_1_183' title='bbox 265 2474 351 2545; x_wconf 55' lang='lat' dir='ltr'>:sa</span> <span class='ocrx_word' id='word_1_184' title='bbox 376 2477 724 2557; x_wconf 65' lang='lat' dir='ltr'>principatus</span> <span class='ocrx_word' id='word_1_185' title='bbox 748 2478 968 2539; x_wconf 88' lang='lat' dir='ltr'>Tiberii</span> <span class='ocrx_word' id='word_1_186' title='bbox 1100 2477 1228 2539; x_wconf 84' lang='lat' dir='ltr'>saris</span> <span class='ocrx_word' id='word_1_187' title='bbox 1258 2476 1445 2539; x_wconf 58' lang='lat' dir='ltr'>forma</span> <span class='ocrx_word' id='word_1_188' title='bbox 1466 2522 1486 2551; x_wconf 88' lang='lat'><strong>,</strong></span> <span class='ocrx_word' id='word_1_189' title='bbox 1520 2480 1637 2537; x_wconf 85' lang='lat' dir='ltr'>sin·</span> 
     </span>
     <span class='ocr_line' id='line_1_29' title="bbox 329 2557 1638 2639; baseline 0.005 -26"><span class='ocrx_word' id='word_1_190' title='bbox 329 2557 420 2616; x_wconf 86' lang='lat' dir='ltr'>ula</span> <span class='ocrx_word' id='word_1_191' title='bbox 477 2557 884 2622; x_wconf 80' lang='lat' dir='ltr'>recenseamus.</span> <span class='ocrx_word' id='word_1_192' title='bbox 955 2558 1100 2639; x_wconf 53' lang='lat' dir='ltr'>Qu&amp;</span> <span class='ocrx_word' id='word_1_193' title='bbox 1169 2560 1267 2622; x_wconf 88' lang='lat' dir='ltr'>ille</span> <span class='ocrx_word' id='word_1_194' title='bbox 1372 2558 1638 2619; x_wconf 57' lang='lat' dir='ltr'>rudenti&amp;</span> 
     </span>
     <span class='ocr_line' id='line_1_30' title="bbox 345 2636 1632 2719; baseline 0.003 -24"><span class='ocrx_word' id='word_1_195' title='bbox 345 2636 694 2719; x_wconf 84' lang='lat' dir='ltr'>hascupolim</span> <span class='ocrx_word' id='word_1_196' title='bbox 729 2684 748 2711; x_wconf 87' lang='lat'>‚</span> <span class='ocrx_word' id='word_1_197' title='bbox 797 2640 1274 2719; x_wconf 78' lang='lat' dir='ltr'>interemptorem</span> <span class='ocrx_word' id='word_1_198' title='bbox 1346 2643 1502 2701; x_wconf 84' lang='lat' dir='ltr'>ratris</span> <span class='ocrx_word' id='word_1_199' title='bbox 1550 2639 1632 2699; x_wconf 89' lang='lat' dir='ltr'>sui</span> 
     </span>
     <span class='ocr_line' id='line_1_31' title="bbox 268 2716 1633 2813; baseline -0.001 -30"><span class='ocrx_word' id='word_1_200' title='bbox 268 2716 388 2802; x_wconf 32' lang='lat' dir='ltr'>:filii</span> <span class='ocrx_word' id='word_1_201' title='bbox 411 2716 624 2802; x_wconf 86' lang='lat' dir='ltr'>Cotyis</span> <span class='ocrx_word' id='word_1_202' title='bbox 635 2762 664 2796; x_wconf 77' lang='lat'>,</span> <span class='ocrx_word' id='word_1_203' title='bbox 683 2717 1069 2803; x_wconf 80' lang='lat' dir='ltr'>consertisque</span> <span class='ocrx_word' id='word_1_204' title='bbox 1089 2719 1345 2813; x_wconf 59' lang='lat' dir='ltr'>ejusclem</span> <span class='ocrx_word' id='word_1_205' title='bbox 1365 2723 1595 2807; x_wconf 80' lang='lat' dir='ltr'>imperii</span> <span class='ocrx_word' id='word_1_206' title='bbox 1609 2762 1633 2795; x_wconf 73' lang='lat' dir='ltr'>a</span> 
     </span>
    </p>
   </div>
   <div class='ocr_carea' id='block_1_3' title="bbox 439 2882 452 2912">
    <p class='ocr_par' dir='ltr' id='par_1_3' title="bbox 439 2882 452 2912">
     <span class='ocr_line' id='line_1_32' title="bbox 439 2882 452 2912; baseline 0 0"><span class='ocrx_word' id='word_1_207' title='bbox 439 2882 452 2912; x_wconf 80' lang='grc' dir='ltr'><strong><em>Ι</em></strong></span> 
     </span>
    </p>
   </div>
  </div>
 </body>
</html>
