2067 3667
519 271 796 342 HIST.
849 274 1153 343 me
1206 275 1317 344 II.
1440 301 1573 374 119

226 391 472 454 luntaria
503 390 1016 452 'morte·obierunt.
1042 390 1284 453 Antonii
1322 392 1578 476 Cleopa·

223 489 442 556 traeque
503 474 629 556 quis
683 470 855 533 fuerit
908 473 1092 550 exitus
1136 518 1157 548 ‚
1210 477 1578 538 narravimus

227 552 506 616 Canidius
537 553 787 614 timidius
825 552 1074 615 decessit
1095 598 1120 626 ,
1153 553 1327 637 quam
1355 555 1585 636 profes--

228 637 376 694 sioni
423 635 546 716 ejus
578 679 602 705 ,
649 633 761 714 qua
806 631 1030 716 semper
1061 633 1191 694 usus
1230 652 1349 696 erat
1381 679 1399 710 ‚
1434 659 1578 697 con·

268 718 488 778 ruebat.
520 715 774 775 Ultimus
803 732 994 776 autem
1025 735 1097 775 ex
1122 715 1581 780 interfectoribus

227 736 470 858 {assatis
507 795 822 858 Parmensis
867 793 1103 856 Cassius
1146 813 1333 858 morte
1372 819 1575 879 poenas

225 878 390 940 dedit
413 922 431 948 ,
469 895 533 938 ut
569 877 808 939 dederat
829 874 1195 944 Trebonius.
1530 891 1544 945 ἶ

309 956 766 1024 LXXXVIII.
799 953 960 1018 Dum
988 957 1247 1018 ultimam
1272 958 1429 1019 bello
1457 957 1579 1020 Ac-

225 1041 380 1102 tiaco
417 1038 922 1120 Alexandrinoque
957 1035 1149 1098 Caesar
1185 1041 1431 1120 imponit
1460 1059 1578 1100 ma-

227 1141 372 1182 num
404 1164 429 1192 ,
465 1119 555 1180 M.
597 1118 854 1198 Lepidus
895 1115 1125 1196 juvenis
1172 1117 1361 1180 forma
1404 1119 1578 1202 quam

229 1218 423 1263 mente
455 1201 662 1265 melior
681 1243 702 1272 ,
733 1198 937 1280 Lepidi
973 1196 1097 1278 ejus
1118 1243 1143 1272 ,
1184 1202 1282 1281 qui
1312 1201 1579 1261 triumvir

230 1281 417 1344 fuerat
447 1284 528 1342 rei
572 1280 774 1340 ublicae
809 1278 1223 1342 constituendae
1254 1279 1403 1340 filius
1424 1325 1445 1354 ,
1477 1281 1576 1342 Ju-

232 1363 326 1422 nia
343 1363 500 1422 Bruti
541 1382 715 1423 orore
735 1377 896 1420 natus
913 1405 934 1436 ,
967 1359 1383 1435 interficiendi,
1407 1362 1578 1422 simul

231 1445 292 1503 in
323 1442 547 1512 Urbem
578 1439 932 1516 revertisset,
959 1440 1197 1502 Caesaris
1232 1442 1467 1503 consilia
1494 1444 1580 1502 in-

231 1526 393 1588 ierat.
425 1523 593 1594 Tunc
625 1522 800 1588 Urbis
828 1521 1103 1584 custodiis
1131 1525 1472 1603 praepositus
1500 1520 1577 1584 C.

235 1603 528 1664 Maecenas
550 1648 570 1677 ‚
603 1602 851 1684 equestri
887 1603 988 1670 sed
1027 1602 1331 1684 splendido
1366 1621 1581 1684 genere

237 1701 436 1758 natus,
459 1688 548 1746 vir
565 1727 586 1758 ‚
609 1685 708 1746 ubi
729 1705 820 1744 res
843 1683 1105 1766 ’vigiliam
1128 1684 1382 1765 exigeret
1398 1725 1418 1752 ,
1447 1680 1580 1742 sane
1664 1749 1673 1760 ὁ

237 1763 525 1827 exsomnis
541 1807 564 1836 ,
600 1765 914 1845 providens
935 1781 1107 1846 atque
1128 1763 1333 1846 agendi
1358 1761 1546 1824 sciens
1558 1783 1582 1838 ;

239 1846 408 1906 simul
464 1845 610 1908 verb
657 1844 878 1928 aliquid
937 1866 1010 1906 ex
1062 1846 1303 1926 negotio
1358 1845 1579 1905 remitti

233 1926 422 2009 poss'et
446 1973 466 2002 ,
503 1929 626 1988 otio
657 1947 724 1992 ac
754 1925 1016 1989 mollitiis
1053 1945 1201 2006 pene
1233 1925 1380 1988 ultra
1414 1923 1583 1987 femi-

237 2029 372 2068 nam
404 2009 586 2068 fluens
605 2049 628 2080 ‚
671 2027 790 2068 non
833 2008 1020 2068 minus
1062 2005 1326 2088 Agrippa
1370 2002 1583 2066 Caesari

241 2107 405 2148 carus
421 2085 564 2158 ,sed
593 2088 776 2150 minus
805 2087 1121 2148 honoratus
1146 2088 1411 2168 ;*quippe
1437 2087 1583 2146 vixit

243 2165 484 2249 angusto
507 2166 674 2228 clavo
697 2187 857 2246 pene,
869 2185 1173 2228 contentus
1193 2189 1207 2227 τ
1230 2186 1336 2227 nec
1365 2168 1584 2225 minora

241 2246 516 2329 consequi
551 2248 740 2328 potuit
761 2290 780 2319 ‚
815 2245 914 2307 sed
937 2269 1057 2308 non
1078 2265 1200 2308 tam
1232 2247 1583 2326 concupivit.

245 2329 360 2390 Hic
397 2328 716 2410 speculatus
751 2324 848 2392 est,
881 2346 987 2408 per
1023 2326 1300 2390 summam
1334 2330 1585 2409 quietem

245 2431 309 2468 ac
345 2410 855 2473 dissimulationem
889 2410 1196 2490 praecipitis
1228 2407 1475 2468 consilia.
1498 2405 1589 2484 ju-

246 2491 410 2550 venis
430 2533 448 2558 ,
487 2491 552 2552 8ι
599 2491 744 2558 mira
785 2489 1075 2558 celeritate
1095 2488 1413 2570 ‚nullaque
1454 2507 1587 2546 cum

247 2569 675 2651 perturbatione
693 2588 790 2630 aut
821 2591 1015 2635 rerum
1036 2586 1138 2633 aut
1152 2569 1453 2635 hominum
1482 2589 1590 2648 op-

245 2647 432 2730 preffo
469 2648 693 2730 Lepido
711 2693 732 2721 ‚
759 2655 1010 2714 irnmane
1044 2652 1185 2710 novi
1220 2669 1283 2708 ac
1315 2648 1591 2711 resurrec-

227 2732 358 2793 νειιτί
391 2728 533 2800 belli
571 2729 768 2797 civilis.
795 2729 1051 2796 restinxit
1087 2730 1310 2792 initium
1335 2750 1357 2806 3
1389 2728 1456 2789 &
1490 2727 1591 2793 ine
