2067 3667
577 321 720 395 324
820 303 904 377 C(
951 309 1219 376 VELL.
1276 305 1679 377 Panae.

655 425 884 488 XCII.
924 425 1263 487 Praeclarum
1304 426 1777 503 excellentis-viri
1808 423 1928 488 fac·-

569 525 694 568 tum
718 506 791 569 C.
813 506 992 568 Sentii
1017 506 1301 568 Saturnini
1328 554 1345 577 ‚
1378 509 1525 567 circa
1558 528 1628 566 ea
1663 524 1927 587 tempora

571 586 818 649 consulis
853 633 871 662 ‚
912 609 984 648 ne
1027 588 1319 648 fraudetur
1354 587 1658 647 memoria.
1704 587 1926 648 Aberat

568 672 631 728 in
655 669 984 729 ordinandis
1007 669 1165 729 Asiae
1198 667 1569 750 Orientisque
1596 668 1765 728 rebus
1792 665 1924 728 Cae-

572 748 697 820 sar,
727 747 1139 810 circumferens
1170 764 1448 810 terrarum
1476 747 1603 809 orbi
1630 746 1926 830 praesentia

569 829 669 889 sua
713 831 870 909 pacis
913 827 1028 890 suae
1071 829 1227 890 bona
1260 851 1277 892 t
1326 847 1451 890 tum
1501 828 1727 890 Sentius
1772 828 1921 889 forte

569 911 640 970 &
671 907 820 971 solus
859 911 925 972 &
956 908 1188 971 absente
1221 908 1445 972 Caesare
1482 908 1718 984 consul,
1744 927 1923 991 quum

569 992 680 1051 aiia
699 1035 718 1066 ‚
753 989 937 1072 prisca
969 991 1269 1051 severitate
1300 989 1631 1074 summaque
1662 988 1926 1050 constan-

569 1072 652 1132 tia
679 1115 700 1144 ‚
741 1090 944 1132 vetere
977 1070 1277 1133 consulum
1316 1093 1481 1132 more
1516 1093 1582 1132 ac
1624 1068 1922 1131 severitate

568 1151 826 1235 gessiffet
849 1197 869 1224 ‚
956 1151 1271 1214 rotraxiss'et
1301 1152 1738 1236 publicanorum
1770 1150 1924 1212 frau-

567 1236 675 1293 des
698 1275 715 1305 ,
735 1175 975 1314 puniflgt
993 1235 1293 1293 avaritiam
1313 1277 1333 1306 ‚
1361 1231 1679 1316 regessisset
1699 1234 1758 1292 in
1785 1253 1923 1292 aera-

568 1317 720 1372 rium
763 1315 1034 1393 pecunias
1071 1314 1325 1394 publicas
1347 1351 1379 1387 ‚-
1403 1331 1526 1373 tum
1571 1315 1629 1372 in
1672 1315 1921 1374 comitiis

568 1391 850 1452 habendis
873 1395 1228 1474 praecipuum
1264 1397 1382 1476 egit
1414 1392 1705 1454 consulem
1740 1416 1753 1455 ε
1785 1415 1919 1454 nam

571 1475 639 1534 &
660 1471 1002 1554 quaesturam
1032 1491 1293 1554 petentes
1314 1519 1335 1544 ‚
1360 1494 1506 1555 quos
1538 1473 1808 1555 indignos
1836 1473 1924 1554 ju·-

571 1554 783 1614 dicavit
805 1597 825 1627 ,
854 1552 1114 1636 profiteri
1150 1557 1375 1629 vetuit;
1408 1556 1473 1616 &
1505 1575 1683 1636 quum
1716 1554 1774 1613 id
1804 1553 1921 1614 fac-

567 1651 731 1694 turos
761 1633 817 1694 se
852 1634 1285 1716 perseverarent
1303 1682 1325 1708 ‚
1358 1633 1713 1696 consuiarem
1738 1681 1756 1710 ‚
1786 1638 1833 1695 si
1859 1637 1917 1695 in

569 1735 838 1798 campum
868 1715 1315 1787 descendissent,
1338 1714 1651 1778 vindiciam
1674 1720 1916 1776 minatus

568 1794 652 1855 est
678 1817 697 1869 3
724 1799 786 1857 &
811 1795 1114 1876 Egnatium
1138 1842 1156 1870 ,
1180 1797 1483 1857 florentem
1507 1795 1707 1857 favore
1730 1795 1917 1877 publi·-

567 1897 643 1936 co
659 1920 681 1946 ,
705 1873 1138 1959 sperantemque
1159 1919 1179 1949 ,
1209 1895 1270 1936 ut
1306 1894 1610 1957 praeturam
1632 1877 1879 1937 aedilitati
1896 1920 1917 1949 ‚

566 1958 646 2015 ita
667 1954 1016 2016 consulatum
1040 1973 1295 2037 praeturae
1320 1955 1375 2015 se
1396 1954 1714 2035 junfiurum
1734 2004 1757 2030 ,
1826 1979 1918 2019 ro·-

570 2034 726 2096 fiteri
751 2038 934 2096 vetuit
961 2057 980 2108 3
1011 2037 1077 2097 &
1110 2056 1287 2117 quum
1320 2037 1379 2095 id
1406 2057 1523 2096 non
1556 2037 1777 2098 obtinui
1824 2055 1917 2112 et,

567 2115 777 2198 juravit
809 2161 826 2185 ‚
860 2118 1034 2176 etiam
1083 2119 1128 2176 si
1175 2115 1351 2176 fastus
1388 2115 1524 2178 esset
1576 2118 1771 2178 consul
1804 2117 1918 2178 suf·-

565 2196 758 2280 fragiis
795 2197 1038 2278 populi,
1068 2213 1260 2257 tamen
1295 2195 1352 2256 se
1389 2218 1521 2257 eum
1556 2217 1675 2256 non
1709 2218 1919 2258 renun-

563 2281 851 2337 tiaturum.
885 2275 1075 2355 Quod
1109 2297 1220 2358 ego
1250 2275 1459 2336 facium
1489 2277 1721 2336 cuilibet
1754 2295 1941 2344 veter

563 2377 694 2416 rum
723 2355 1018 2415 consulum
1052 2356 1245 2436 gloriae
1264 2355 1715 2435 comparandum
1738 2376 1873 2417 reor
1890 2405 1914 2432 ,

562 2438 671 2493 nisi
705 2433 863 2514 quod
886 2435 1212 2492 naturaliter
1239 2435 1426 2493 audita
1446 2435 1585 2494 visis
1616 2435 1914 2500 laudamus

563 2513 832 2574 libentius
864 2533 882 2582 ;
921 2515 983 2572 ὃ(
1013 2510 1306 2591 praesentia
1338 2514 1554 2574 invidia
1576 2559 1595 2588 ,
1629 2522 1914 2598 praeterita

563 2597 936 2652 veneratione
957 2592 1351 2674 prosequimur
1367 2615 1387 2669 3
1402 2596 1468 2657 δι
1484 2595 1571 2656 his
1588 2617 1697 2658 nos
1720 2599 1908 2674 obrui,

557 2674 675 2734 iilis
709 2670 903 2732 instrui
941 2674 1245 2734 credimus.

640 2752 699 2815 X
720 2750 774 2816 C
801 2751 948 2816 111.
990 2754 1147 2817 Ante
1196 2756 1507 2820 triennium
1559 2755 1679 2820 fere
1731 2756 1902 2839 quam
