2067 3667
491 261 786 340 ·H1.5·T.
840 271 1153 340 LIBER
1204 269 1313 339 II.
1438 293 1571 366 ¹29

299 383 614 450 XCVIII.
657 386 819 449 Dum
861 409 968 461 ea,
1004 408 1133 468 quae
1168 386 1574 467 praediximus,

215 469 278 530 in
303 470 589 531 Pannonia
613 467 1041 550 Germaniaque
1078 485 1347 551 geruntur
1366 512 1387 542 ,
1414 485 1579 528 atrox

221 552 282 611 in
317 549 568 611 Thracia
605 549 824 610 bellum
863 566 1055 610 ortum
1083 593 1102 622 ,
1147 547 1413 610 omnibus
1452 546 1579 628 ejus

263 634 408 692 entis
443 630 768 690 nationibus
797 631 858 689 in
887 651 1045 690 arma
1074 631 1327 690 accensis
1346 674 1367 704 ‚
1390 628 1457 690 L.
1484 628 1579 689 Pi-

207 652 370 772 ?onis
390 751 410 787 ‚
445 731 619 793 quem
648 710 936 792 hodieque
964 709 1063 770 dili
1107 711 1465 774 entissimum
1491 725 1581 793 at-

217 813 334 875 que
379 791 653 853 eumdem
688 791 1043 866 lenissimum
1098 791 1383 851 ecuritatis
1416 789 1583 850 urba·

223 893 314 933 nae
337 870 638 934 custodem
671 871 948 933 habemus
971 913 992 944 ,
1013 871 1198 933 virtus
1226 873 1583 953 compressit.

219 952 468 1034 Quippe
505 953 726 1035 legatus
764 949 1002 1012 Caesaris
1040 954 1285 1012 triennio
1320 971 1454 1011 cum
1491 951 1579 1010 his

217 1034 502 1106 bellavit3
535 1031 841 1116 gentesque
874 1031 1257 1093 ferocissimas
1276 1077 1296 1107 ‚
1328 1032 1579 1114 plurimo

221 1135 357 1174 cum
395 1135 594 1174 earum
629 1112 855 1174 excidio
876 1156 897 1186 ,
932 1133 1084 1172 nunc
1120 1114 1281 1187 acie,
1307 1133 1457 1172 nunc
1487 1133 1583 1174 eae·

220 1193 670 1276 pugnationibus
693 1239 711 1264 ,
749 1196 810 1254 in
843 1191 1141 1276 pristinum
1170 1195 1327 1274 pacis
1358 1194 1583 1276 redegit

223 1275 470 1336 modum
491 1319 512 1350 ,
545 1272 674 1354 ejus
745 1295 779 1334 e
822 1275 1143 1356 patratione
1177 1273 1337 1335 Asiae
1374 1273 1583 1336 securi-

211 1373 405 1418 tatem
440 1401 460 1431 ‚
499 1355 676 1416 Mace
719 1358 868 1415 oniae
914 1375 1117 1437 pacem
1166 1355 1437 1416 reddidit.
1480 1354 1581 1418 De

263 1458 342 1498 uo
365 1438 497 1498 viro
520 1437 634 1498 hoc
661 1436 930 1496 omnibus
961 1435 1319 1496 sentiendum
1343 1458 1407 1497 ac
1433 1459 1581 1518 prae-

219 1459 538 1578 dicandum
573 1515 656 1578 est
678 1561 698 1591 ‚
735 1515 846 1577 esse
882 1537 1079 1578 mores
1113 1514 1237 1595 ejus
1276 1518 1484 1599 vigore
1514 1539 1578 1578 ac

221 1597 462 1658 lenitate
511 1599 882 1658 mixtissimos
904 1643 932 1669 ,
973 1598 1043 1658 δί
1082 1599 1185 1658 vix
1232 1617 1579 1678 quemquam

221 1681 466 1758 reperiri
503 1676 660 1758 poss'e
680 1723 701 1753 ‚
733 1680 832 1760 qui
867 1693 963 1738 aut
1001 1679 1187 1737 otium
1219 1677 1460 1752 nudius
1494 1678 1582 1739 di·

226 1759 364 1841 ligat
383 1802 404 1832 ,
439 1775 536 1819 aut
557 1756 770 1818 facilius
799 1755 1040 1818 sufficiat
1068 1759 1304 1840 negotio
1326 1803 1344 1830 ,
1373 1756 1437 1820 &
1464 1780 1583 1820 ma-

223 1843 309 1922 gis
329 1881 350 1912 ,
385 1860 512 1921 quae
545 1839 766 1922 agenda
798 1839 962 1914 sunt,
993 1857 1153 1900 curet
1188 1841 1307 1899 sine
1341 1839 1455 1899 ulla
1490 1839 1580 1901 os-

223 1923 540 1982 tentatione
581 1942 612 1980 a
654 1921 810 1981 endi.

305 1999 364 2060 X
387 1999 442 2061 C
467 2000 495 2060 I
517 1999 594 2060 X.
689 2003 811 2062 tevi
859 1997 1157 2079 interjecto
1211 1999 1409 2083 spatio.
1440 1999 1579 2064 Tib.

223 2077 392 2140 Nero
427 2120 447 2150 ‚
502 2079 727 2140 duobus
780 2079 1161 2143 consulatibus
1216 2082 1581 2164 totidemque

227 2159 530 2240 triumphis
565 2159 700 2218 aflis
719 2204 740 2231 ,
776 2161 1077 2221 tribunitiae
1116 2161 1411 2243 potestat-is
1440 2185 1584 2222 con-.-

220 2239 482 2300 -sortione
523 2258 775 2321 aecpaatus
819 2239 1087 2322 Augusto
1128 2286 1149 2316 ‚
1196 2244 1408 2303 civium
1453 2242 1583 2324 post

226 2341 408 2382 unum
425 2318 452 2402 (
470 2321 534 2382 &
553 2319 668 2382 hoc
692 2365 712 2397 ,
747 2323 878 2402 quia
897 2319 1137 2382 volebat
1159 2319 1187 2402 )
1206 2365 1227 2393 ‚
1260 2325 1589 2384 eminentis-

228 2403 437 2471 simus,
467 2402 680 2462 ducum
711 2405 993 2462 maximus
1013 2445 1032 2474 ,
1062 2399 1217 2462 fama
1243 2401 1593 2485 fortunaque

227 2481 672 2556 celebertimus,
706 2484 772 2545 &
803 2484 944 2543 vere
975 2483 1220 2544 alterum
1252 2485 1586 2564 reipublicae

227 2561 428 2620 lumen
461 2562 524 2621 δι
559 2580 764 2642 caput,
790 2564 934 2623 mira
969 2563 1218 2644 quadam
1251 2565 1315 2626 δι
1344 2565 1591 2626 incredi-

226 2641 330 2702 bili
355 2657 522 2784 atqieie
553 2643 912 2702 inenarrabili
925 2647 1153 2723 pietate
1168 2643 1385 2783 &cujus
1408 2645 1595 2706 causae·
1626 2657 1631 2662 “

227 2742 372 2784 mont
493 2719 654 2784 teCiae
697 2720 822 2782 sun't
847 2723 876 2803 )
933 2742 1123 2804 quum

1217 2803 1347 2868 Fv

1228 2726 1350 2784 aius
1398 2724 1588 2790 Caesar
1633 2735 1671 2754 »-
