2067 3667
493 275 775 352 Htsr.
828 277 1145 346 Lmen
1182 265 1349 347 IL'
1413 297 1539 350 101

207 393 588 480 preferendus
625 395 962 468 videretur,
1005 395 1075 457 &
1105 393 1371 470 Vatinius
1410 396 1553 456 nulli

205 478 422 539 nomini
450 497 570 537 non
595 473 730 538 effet
761 474 1155 558 postferendus
1181 499 1195 538 :
1220 478 1278 536 in
1308 498 1427 559 quo
1454 476 1553 535 de-‘

206 557 456 620 fortuitas
481 559 744 640 corporis
767 578 900 618 cum
924 557 1275 637 turpitudine
1302 557 1555 617 certabat

203 639 414 722 ingenii
441 682 464 712 ‚
504 636 655 699 adeo
687 654 752 698 ut
788 639 1004 702 animus
1047 635 1170 716 ejus
1220 638 1551 720 dignissimo

206 718 496 780 domicilio
530 716 771 778 inclusus
803 717 1099 779 videretur
1121 740 1141 793 3
1166 736 1395 800 eratque
1424 717 1552 818 sep-

205 803 322 860 tem
373 799 696 882 legionibus
741 797 982 859 validus.
1031 797 1107 858 Et
1159 798 1286 880 lege
1328 797 1551 870 Pedia,

207 900 376 962 quam
408 878 604 942 consul
634 879 842 940 Pedius
881 879 1109 960 collega
1140 877 1375 940 Caesaris
1410 878 1555 937 tule-

207 979 287 1020 rat
304 1004 324 1033 ,
349 960 618 1021 omnibus
638 1004 658 1033 ‚
685 963 782 1055 qui
805 956 1089 1022 Caesarem
1122 975 1344 1039 patrem
1373 961 1553 1017 inter·

207 1039 456 1102 fecerant
477 1084 497 1113 ‚
529 1040 675 1123 aqua
697 1042 928 1122 ignique
963 1039 1241 1099 damnatis
1279 1037 1551 1108 interdic-3

209 1138 329 1182 tum
365 1140 485 1182 erat
517 1142 532 1180 :
569 1118 690 1202 quo
725 1139 989 1200 tempore
1028 1117 1278 1200 Capito,
1322 1135 1553 1200 patruus

207 1223 368 1262 meus
385 1246 405 1275 ‚
428 1203 520 1260 vir
550 1200 764 1260 ordinis
789 1198 1051 1260 senatorii
1075 1245 1094 1274 ,
1122 1200 1398 1281 Agrippae
1424 1197 1555 1258 sub·

208 1280 420 1364 scripsit
443 1286 500 1341 in
527 1278 598 1342 C.
638 1279 917 1342 Cassium.
945 1279 1223 1362 Dumque
1260 1300 1325 1339 ea
1352 1282 1410 1338 in
1436 1277 1553 1338 Ita-

207 1363 282 1423 lia
303 1380 573 1444 geruntur
590 1407 609 1431 ‚
643 1365 756 1422 acri
783 1379 954 1444 atque
979 1359 1364 1442 prosperrimo
1392 1359 1553 1422 bello

209 1439 434 1505 Cassius
481 1442 755 1503 Rhodum
778 1485 799 1515 ‚
840 1463 963 1501 rem
1002 1443 1261 1500 immanis
1311 1443 1501 1522 operis
1530 1485 1551 1511 ,

204 1543 477 1606 ceperat3
509 1521 714 1583 Brutus
739 1522 958 1601 Lycios
995 1523 1287 1581 devicerat
1310 1565 1331 1592 ,
1371 1523 1434 1582 &
1470 1523 1555 1579 in-

205 1605 280 1664 de
314 1607 374 1662 in
413 1602 822 1662 Macedoniam
855 1603 1139 1660 exercitus
1174 1598 1553 1678 trajecerant3

207 1687 214 1696 ’
248 1705 387 1742 uum
437 1702 543 1763 per
587 1683 782 1740 omnia
825 1699 1143 1762 repugnans
1186 1699 1397 1739 naturae
1443 1677 1555 1740 suae

207 1706 442 1826 &assius
481 1760 654 1821 etiam
689 1759 850 1822 Bruti
877 1759 1245 1830 clementiam
1278 1763 1555 1823 vinceret.

203 1843 415 1927 Neque
440 1843 688 1924 reperias
724 1862 870 1925 quos
904 1858 999 1903 aut
1077 1844 1269 1902 ronior
1303 1841 1557 1902 Fortuna

207 1928 477 1986 comitata
515 1925 587 1984 sit
609 1970 628 1999 ,
660 1941 755 1983 aut
792 1922 973 1984 veluti
1016 1863 1242 2005 tfa'tigata
1280 1924 1555 1984 maturius

207 2003 519 2068 destituerit
545 2049 564 2074 ‚
596 2004 769 2088 quarn
801 2004 1044 2065 Brutum
1078 2006 1141 2066 ὅ(
1174 2001 1455 2064 Cassium.

288 2084 492 2146 LXX.
530 2082 688 2144 Tum
720 2083 913 2146 Caesar
941 2086 1017 2146 ὃ(
1053 2083 1343 2144 Antonius
1381 2081 1559 2162 traje-

205 2182 408 2226 cerunt
429 2167 707 2226 exercitus
738 2168 796 2226 in
826 2165 1236 2224 Macedoniam
1258 2209 1275 2232 ,
1305 2166 1369 2225 ὅ(
1403 2163 1556 2244 apud

206 2247 411 2307 urbem
436 2245 728 2326 Philippos
760 2266 892 2303 cum
919 2244 1006 2302 M.
1034 2243 1213 2304 Bruto
1240 2241 1557 2323 Cassioque

204 2330 327 2388 acie
347 2342 777 2390 concurrerunt.
810 2322 1047 2397 Cornu,
1076 2327 1163 2384 cui
1185 2323 1391 2387 Brutus
1416 2345 1560 2404 prae-

205 2424 328 2467 erat
363 2451 382 2480 ,
421 2408 678 2487 impulsis
733 2403 992 2465 hostibus
1026 2449 1048 2479 ‚
1096 2402 1270 2464 castra
1322 2401 1555 2466 Caesaris

205 2491 365 2567 cepit
399 2510 414 2546 t
449 2508 580 2546 nam
616 2490 632 2545 i
678 2485 732 2546 se
770 2483 957 2548 Caesar
978 2529 996 2557 ,
1036 2487 1253 2546 etiamsi
1287 2485 1558 2545 infirmis-

207 2570 387 2628 simus
427 2509 755 2626 valetucline
796 2612 816 2640 ‚
865 2567 1061 2627 obibat
1110 2568 1299 2635 munia
1350 2567 1507 2626 ducis
1536 2611 1561 2641 ,

201 2667 404 2709 oratus
450 2648 620 2706 etiam
665 2647 734 2706 ab
775 2650 1013 2706 Artorio
1062 2647 1290 2706 medico
1324 2689 1345 2717 ,
1380 2667 1452 2704 ne
1497 2651 1553 2706 in

207 2727 403 2792 castris
431 2744 748 2789 remaneret
769 2725 1104 2802 „manifesta
1127 2727 1565 2788 denunzsatione

1206 2805 1255 2866 Ε
1296 2805 1353 2886 iij
