2067 3667
538 280 984 351 ὶιΒειι
1089 281 1220 351 ΙΙ.
1453 306 1540 391 95

192 396 371 458 urbes
402 396 631 479 regibus
662 417 866 480 parere
904 398 1204 459 consuetas
1232 401 1436 481 partim
1472 402 1554 461 fa-

192 478 311 538 cile
363 476 616 538 sollicitat
654 502 669 539 ε
708 500 913 559 paucas
952 479 1274 540 resistentes
1300 524 1319 553 ,
1362 480 1552 562 Myn-

201 559 341 618 dum
365 606 383 631 ,
416 556 628 620 Samon
653 602 677 633 ‚
709 556 1124 640 Colophonem
1155 603 1175 632 ,
1211 563 1272 623 vi
1313 565 1552 644 recepit.

198 637 395 700 Crassi
419 660 654 722 quoque
684 642 943 721 praetoris
964 641 1176 701 cecidit
1197 644 1509 703 exercitum
1529 690 1552 720 ,

200 718 501 802 ipsumque
533 722 706 802 cepit.
742 719 860 782 Sed
892 720 992 787 ille
1023 740 1254 781 memor
1287 723 1352 784 δι
1385 722 1554 785 fami-

198 801 292 860 iiae
312 845 332 874 ,
368 802 433 863 &
455 801 704 863 Romani
727 803 975 862 nominis
994 846 1017 875 ‚
1053 800 1351 863 custodem
1387 803 1552 867 suum

201 880 515 943 Barbarum
542 881 764 965 virgula
789 899 1036 942 excaecat
1059 906 1072 943 :
1097 884 1155 942 in
1181 885 1416 943 exitium
1437 885 1517 945 sui
1535 932 1558 957 ‚

198 962 367 1043 quod
407 962 647 1023 volebnt
672 1008 693 1038 ‚
718 966 807 1023 ita
853 965 1120 1023 concitat.
1166 962 1312 1023 Mox
1353 986 1386 1023 a
1415 964 1556 1025 Pet—

198 1062 383 1125 perna
405 1042 656 1101 domitus
674 1086 697 1113 ,
728 1044 793 1103 δι
823 1060 1020 1124 captus
1041 1090 1061 1118 ‚
1086 1045 1152 1105 &
1177 1064 1280 1124 per
1312 1044 1555 1105 deditio-

200 1143 344 1183 nem
392 1125 455 1182 in
496 1124 739 1183 vinculis
776 1123 1022 1183 habitus.
1075 1123 1340 1204 Aquilius
1387 1124 1558 1187 Asia-

202 1206 305 1263 tici
323 1201 467 1263 belli
489 1202 756 1285 reliquias
777 1203 1023 1263 confecit
1036 1248 1058 1276 ‚
1077 1206 1266 1264 mixtis
1288 1204 1491 1285 (nefas
1509 1206 1556 1290 Ξ)

204 1304 444 1345 veneno
485 1280 741 1343 fontibus
780 1284 857 1344 ad
896 1284 1256 1345 deditionem
1284 1307 1554 1367 quarum-

207 1364 346 1424 dam
383 1362 637 1425 urbium.
677 1362 834 1444 Quae
876 1386 967 1425 res
1011 1382 1073 1426 ut
1113 1382 1388 1427 maturam
1417 1412 1436 1441 ,
1479 1370 1558 1429 ita

204 1443 483 1505 infamem
529 1443 665 1506 fecit
709 1444 1009 1505 vibioriam
1052 1467 1067 1505 :
1120 1448 1331 1528 quippe
1379 1468 1556 1528 quum

207 1542 411 1586 contra
459 1522 543 1584 fas
593 1526 769 1587 deum
807 1570 829 1597 ,
880 1525 1186 1607 moresque
1226 1524 1506 1605 majorum
1544 1574 1566 1604 ‚

208 1605 691 1667 medicaminibus
718 1608 955 1687 impuris
978 1650 997 1677 ‚
1038 1608 1096 1664 in
1127 1605 1189 1664 id
1219 1624 1449 1688 tempus
1480 1606 1564 1668 sa-

207 1682 502 1747 crosamsta
530 1684 799 1749 Romana
832 1707 989 1747 arma
1018 1684 1296 1748 violasset.
