2067 3667
476 288 751 359 HlsT.
809 285 1122 359 LIBER
1169 289 1280 361 ΙΙ.
1442 312 1530 390 57

177 398 449 469 venirent
471 407 839 487 3exclusique
871 409 1118 489 paternis
1151 409 1357 489 opibus
1388 408 1538 470 libe-

176 491 226 548 ri
244 532 264 562 ‚
298 490 476 549 etiam
505 488 894 570 petendorum
922 488 1214 549 honorum
1245 489 1369 567 jure
1392 511 1538 573 pro·-

176 569 513 631 hiberentur
552 590 572 642 ;
627 567 910 650 simulque
937 610 961 639 ,
1005 570 1165 651 quod
1211 571 1537 653 indignissi-

177 670 343 711 mum
373 648 457 711 est
482 692 503 723 ‚
530 648 854 711 senatorum
886 646 1079 719 filii&
1109 670 1288 713 onera
1313 652 1546 713 ordinis

180 729 519 793 sustinerent
537 772 557 804 ,
594 731 659 792 &
688 728 811 809 jura
841 732 1167 811 perderent.

261 810 321 873 X
342 810 400 871 X
421 809 543 871 IX.
587 808 703 871 Sub
736 810 1066 871 'adventum
1104 814 1164 871 in
1205 810 1429 875 Italiam
1462 812 1536 877 L}

180 891 351 953 Sullae
382 936 401 966 ,
432 888 546 952 Cn.
579 890 887 973 Pompeius
908 937 927 964 ‚
962 890 1084 973 ejus
1117 890 1231 954 Cn.
1267 894 1534 976 Pompeii

180 970 359 1047 filius,
374 992 548 1055 quem
580 970 1164 1053 magnificentissimas
1192 996 1283 1035 res
1311 978 1370 1034 in
1393 996 1536 1035 con-

178 1053 363 1115 sulatu
396 1050 626 1137 gessisse
660 1052 819 1114 bello
846 1052 1102 1114 Marsico
1175 1056 1534 1129 affliximus,

179 1116 387 1217 viginti
429 1151 544 1195 tres
592 1154 775 1193 annos
828 1145 991 1194 ‘natus
1029 1177 1050 1207 ‚
1093 1156 1124 1193 a
1167 1136 1300 1195 hinc
1352 1157 1534 1197 annos

180 1231 415 1277 centum
445 1213 727 1276 tredecim
746 1258 766 1287 ‚
846 1216 1040 1275 rivatis
1077 1233 1141 1276 ut
1173 1216 1419 1298 opibus,
1457 1220 1537 1277 ita

182 1296 438 1357 consiliis
478 1314 685 1378 magna
724 1236 887 1355 augus
909 1340 928 1369 ‚
972 1295 1389 1379 magnificeque
1431 1319 1538 1360 co-

182 1393 315 1436 nata
344 1372 678 1449 exsecutus,
702 1376 774 1435 ad
809 1377 1217 1438 vindicandam
1243 1376 1538 1441 restituen-

184 1459 437 1540 damque
456 1457 791 1539 dignitatem
810 1460 1003 1539 patriae
1017 1501 1038 1531 ‚
1053 1458 1280 1520 firmum
1301 1480 1376 1519 ex
1393 1481 1537 1543 agro

182 1538 399 1599 Piceno
421 1582 441 1612 ,
474 1538 573 1619 qui
610 1554 767 1599 totus
804 1541 1052 1619 paternis
1093 1538 1220 1619 ejus
1254 1540 1556 1602 clientelis?

182 1618 427 1679 refertus
465 1633 584 1679 erat
612 1662 632 1692 ‚
664 1624 942 1678 contraxit
980 1623 1311 1680 exercitum.
1351 1618 1536 1699 Cujus

180 1702 301 1760 viri
332 1698 659 1779 magnitudo
692 1700 1007 1759 multorum
1039 1700 1399 1762 voluminum
1430 1700 1542 1760 ins-

182 1798 277 1841 tar
317 1780 492 1861 exigit
523 1801 541 1853 ;
576 1777 673 1841 sed
710 1782 903 1860 operis
930 1780 1140 1841 modus
1171 1784 1364 1864 paucis
1407 1800 1558 1843 eam·

184 1862 401 1921 narrari
438 1857 616 1938 jubet.
652 1860 779 1921 Fuit
818 1861 907 1920 hic
947 1865 1170 1943 genitus
1203 1880 1387 1922 matre
1423 1862 1542 1923 Lu-

188 1941 320 2001 cilia
340 1986 362 2013 ,
398 1938 583 2021 stirpis
619 1939 915 2001 senatoriae
935 1985 953 2015 ,
983 1941 1172 2024 fornia
1201 1943 1492 2003 excellens
1515 1988 1541 2016 ,

186 2043 313 2082 non
352 2022 421 2081 e&
456 2065 475 2094 ,
517 2022 631 2101 qua
678 2022 787 2081 flos
838 2023 1274 2083 commendatur
1315 2027 1493 2084 aetatis
1517 2070 1542 2099 ,

186 2102 292 2163 sed
331 2122 403 2163 ex
440 2102 713 2183 dignitate
753 2102 1029 2163 constanti
1054 2147 1073 2177 ‚
1111 2114 1238 2185 qu‘ae
1277 2106 1337 2163 in
1380 2105 1543 2165 illam

186 2183 549 2244 conveniens
576 2204 667 2243 am
712 2183 1013 2244 litudinem
1030 2226 1051 2255 ‚
1081 2184 1372 2244 fortunam
1399 2206 1558 2267 quo-·

272 2284 307 2323 e
351 2261 475 2343 ejus
518 2264 593 2323 ad
633 2284 671 2323 u
718 2266 901 2325 imum
945 2266 1084 2323 vitae
1138 2266 1405 2324 comitata
1457 2263 1544 2326 est

232 2348 350 2405 iem
378 2366 395 2403 t
419 2346 745 2405 innocentia
779 2346 1064 2418 eximius,
1086 2342 1366 2405 sanffitate
1401 2366 1548 2427 prae-

186 2429 395 2507 cipuus
408 2468 429 2497 ‚
450 2424 777 2506 eloquentia
796 2425 1019 2485 medius
1039 2448 1057 2499 3
1080 2428 1355 2508 potentiae
1372 2471 1392 2501 ‚
1412 2448 1548 2509 qua

184 2507 437 2569 honoris
468 2507 637 2566 causa
670 2506 740 2565 ad
778 2528 912 2567 eum
944 2505 1301 2580 deferretur,
1328 2524 1448 2568 non
1477 2525 1546 2569 ut

184 2586 269 2647 ab
315 2606 389 2646 eo
434 2604 814 2667 occuparetur
849 2632 872 2662 ‚
918 2588 1318 2668 cupidissimus
1357 2610 1378 2662 3
1418 2588 1544 2649 dux

182 2665 355 2729 bello
388 2668 761 2746 peritissimus
790 2669 977 2743 ;civis
1008 2670 1070 2726 in
1101 2686 1237 2751 tog-a
1266 2666 1424 2750 (nisi
1445 2669 1548 2729 ubi

180 2764 497 2813 vereretur
530 2768 607 2810 ne
643 2768 818 2831 quem
852 2750 1091 2811 haberet
1127 2748 1380 2833 parem)
1414 2770 1558 2822 mee

1167 2826 1339 2903 Cv-¹
