2067 3667
449 281 584 377 136
685 282 754 353 C.
819 284 1083 352 Van.
1135 282 1545 353 PATERC.

437 404 614 463 menia
629 448 646 473 ,
671 424 766 485 ego
793 404 854 463 in
881 404 1097 463 Rhatia
1119 398 1217 481 firi
1243 423 1262 461 .·
1295 420 1388 485 ego
1412 402 1451 461 d
1480 420 1529 461 te
1563 402 1622 461 in
1654 398 1792 463 Vm-

437 484 632 543 delicis
649 524 670 554 ,
701 507 728 543 e
763 505 795 543 o
827 486 886 544 in
908 484 1207 544 Pannonia
1228 526 1247 557 ‚
1272 502 1367 565 ego
1399 485 1459 543 in
1492 485 1789 544 Germania

435 568 676 625 donatus
698 503 842 643 ficm-

520 641 666 704 CV.
697 644 791 704 Ne
837 664 908 703 ue
931 644 1125 705 verbis
1160 644 1403 725 exprimi
1423 687 1443 715 ,
1470 644 1537 706 δι
1560 640 1791 703 fortasse

436 725 538 784 vix
571 726 778 785 mereri
795 664 990 785 ffidem
1024 722 1215 805 potest
1242 770 1262 800 ‚
1290 726 1494 786 intrata
1570 726 1791 785 rotinus

439 803 752 866 Germania
773 846 794 878 ‚
830 802 1038 865 subaffi
1070 802 1435 866 Caninefates
1457 845 1478 876 ‚
1564 806 1752 865 ttuarii
1774 846 1795 878 ,

437 884 734 959 BruEieri,
771 887 992 967 recepti
1046 883 1319 946 Cherusci
1352 928 1372 959 ,
1412 886 1479 947 &
1523 884 1792 966 (utinam

439 967 632 1027 minus
671 986 814 1027 mox
849 964 1044 1027 nostra
1084 964 1251 1026 clade
1285 962 1543 1047 nobilis)
1590 968 1797 1026 transi-

441 1062 534 1108 tus
568 1045 826 1130 Visurgis
865 1068 884 1121 ;
929 1062 1220 1127 penetrata
1254 1047 1527 1107 ulteriora
1562 1068 1577 1110 ;
1618 1066 1798 1127 quum

441 1146 682 1188 omnem
717 1144 941 1209 partem
971 1126 1262 1208 asperrimi
1294 1130 1359 1189 &
1382 1126 1797 1208 periculosissi-

442 1210 526 1267 mi
569 1208 706 1269 belli
751 1206 945 1269 Caesar
991 1208 1315 1268 vindicaret
1344 1251 1364 1279 ,
1403 1210 1461 1268 in
1506 1208 1573 1265 iis
1610 1250 1631 1281 ,
1670 1226 1799 1288 quae

443 1290 682 1349 minoris
717 1305 876 1347 erant
909 1286 1243 1347 discriminis
1267 1330 1288 1360 ‚
1312 1286 1574 1347 Sentium
1607 1286 1803 1347 Satur-

441 1370 641 1429 ninum
657 1411 676 1441 ,
703 1370 802 1448 qui
829 1384 950 1428 tum
977 1368 1197 1449 legatus
1261 1369 1391 1427 atris
1418 1365 1543 1447 ejus
1564 1369 1626 1427 in
1654 1366 1805 1429 Ger·-

443 1450 633 1509 mania
670 1448 855 1510 fuerat
885 1492 904 1521 ,
943 1447 1175 1529 praefeci
1222 1464 1279 1507 et
1308 1491 1328 1521 ‚
1364 1452 1556 1507 virum
1602 1447 1803 1509 multi-

445 1530 658 1609 plicem
691 1529 992 1591 virtutibus
1014 1571 1033 1600 ,
1070 1548 1285 1590 navum
1307 1572 1329 1599 ,
1363 1526 1581 1610 agilem
1606 1573 1627 1603 ‚
1658 1550 1803 1611 pro-

444 1610 648 1671 vidum
667 1654 685 1679 ‚
722 1609 1167 1691 militariumque
1206 1606 1533 1670 officiorum
1572 1612 1803 1689 patien-

444 1706 567 1751 tem
617 1712 682 1751 ac
737 1692 986 1771 peritum
1029 1691 1245 1772 pariter
1279 1732 1300 1762 ‚
1337 1689 1437 1749 sed
1482 1688 1752 1750 eumdem
1782 1731 1802 1761 ‚

444 1769 544 1831 ubi
581 1774 808 1853 negotia
846 1768 1103 1831 feciss'ent
1146 1770 1341 1831 locum
1384 1771 1508 1831 otio
1542 1813 1562 1843 ‚
1598 1769 1805 1830 libera-

445 1850 577 1911 liter
613 1850 878 1931 lauteque
917 1870 992 1911 eo
1030 1851 1367 1912 abutentem
1400 1872 1421 1925 ;
1452 1852 1529 1909 ita
1566 1866 1759 1911 tamen
1782 1892 1809 1924 ,

445 1946 510 1991 ut
556 1950 692 1991 eum
736 1929 1101 2013 splendidum
1154 1952 1221 1991 ac
1268 1930 1511 1989 hilarem
1560 1932 1755 2010 potius
1780 1970 1808 2001 ‚

487 2009 620 2070 uam
666 2010 1014 2072 luxuriosum
1066 2028 1161 2073 aut
1212 2010 1475 2071 desidem
1528 2010 1751 2071 diceres
1788 2030 1805 2069 :

447 2032 524 2151 de
563 2089 726 2172 cujus
769 2094 882 2154 viri
927 2092 1081 2153 claro
1136 2090 1466 2173 celebrique
1511 2088 1807 2152 consulatu

449 2172 836 2254 praediximus.
880 2172 1039 2233 Anni
1082 2170 1203 2251 ejus
1246 2170 1438 2233 aestiva
1464 2217 1484 2245 ,
1526 2169 1704 2253 usque
1746 2173 1807 2229 in

447 2253 706 2314 mensem
741 2252 1139 2315 Decembrem
1177 2251 1453 2334 produGia
1480 2296 1507 2323 5
1540 2252 1805 2309 immanis

451 2335 906 2395 emolumentum
951 2333 1142 2393 fecere
1179 2332 1453 2393 victoriae.
1488 2329 1671 2389 Pietas
1712 2328 1808 2389 sua

450 2412 732 2475 Caesarem
751 2458 768 2485 ,
791 2433 942 2495 pene
966 2412 1265 2473 obstruffls
1288 2412 1509 2489 hyeme
1525 2406 1807 2489 Alpibus,

449 2496 508 2553 in
550 2493 776 2553 Urbem
815 2495 980 2554 traxit
1017 2514 1039 2565 3
1084 2510 1141 2551 at
1188 2492 1363 2550 tutela
1402 2491 1628 2570 imperii
1670 2510 1809 2549 eum

451 2576 605 2634 veris
655 2576 824 2633 initio
868 2573 1094 2631 reduxit
1146 2573 1203 2631 in
1258 2570 1633 2632 Germaniam
1680 2615 1700 2645 ‚
1748 2572 1811 2629 in

455 2652 616 2730 cuj-us
641 2654 844 2715 mediis
883 2652 1125 2724 finibus,
1164 2651 1237 2710 ad
1266 2666 1436 2733 caput
1468 2650 1665 2732 Lupiae
1703 2650 1810 2709 flu·

453 2736 661 2808 minis,
685 2735 956 2817 hyberna
983 2732 1313 2817 digrediens
1346 2733 1611 2815 princeps
1650 2731 1819 2799 loca-r

455 2832 641 2887 verat,
