2067 3667
512 299 647 399 138
802 301 873 371 L.
923 299 1292 371 ANnAEr
1340 299 1646 371 onnt

506 423 582 483 de
618 420 795 484 servis
830 421 1110 482 ovatione
1157 433 1466 481 contentus
1489 464 1509 490 ,
1561 438 1639 481 ne
1674 418 1876 504 digni-

502 519 683 564 tatem
718 502 991 584 triumphi
1032 499 1240 572 servili*
1261 497 1632 581 inscriptione
1675 501 1870 563 viola-

488 599 611 644 ·ret.
660 581 920 643 Vixdum
977 579 1075 642 res
1105 582 1352 644 iraverat
1402 579 1585 642 insula
1609 625 1630 653 ‚
1683 601 1872 664 quum

507 663 698 725 statim
716 662 865 725 servi
886 707 907 736 ‚
933 661 997 724 &
1022 683 1056 722 a
1110 683 1226 744 yro
1255 662 1470 722 reditur
1497 661 1570 722 ad
1589 659 1868 725 Cilicem.

506 743 767 805 Athenio
806 742 998 825 pastor
1026 789 1050 818 ,
1097 740 1398 804 interfe&o
1449 741 1692 804 domino
1724 789 1746 819 ,
1783 741 1874 805 fa·

503 824 733 884 miliam'
758 846 819 885 er
858 822 1043 884 astulo
1081 823 1382 885 liberatam
1419 819 1522 885 sub
1556 825 1734 908 signis
1767 845 1870 887 or·

506 905 679 966 dinat.
721 845 859 987 Ipseg
882 902 1048 966 veste
1087 903 1373 986 purpurea
1402 949 1422 979 ,
1466 926 1526 966 ar
1567 922 1871 990 enteoque

504 985 713 1048 baculo
738 1030 757 1059 ,
798 987 865 1048 &
906 988 1129 1068 regium
1171 987 1228 1044 in
1267 1005 1496 1045 morem
1561 1003 1729 1047 route
1769 1007 1870 1052 re-

509 1067 710 1128 dimita
732 1112 753 1141 ‚
793 1087 913 1128 non
950 1069 1239 1128 minorem
1260 1110 1279 1138 ,
1317 1064 1494 1148 quum
1533 1067 1632 1126 ille
1665 1065 1874 1128 fanati-

504 1168 609 1210 cus
653 1149 813 1230 prior
836 1191 856 1220 ,
898 1147 1114 1207 conflat
1159 1147 1474 1208 exercitum
1508 1167 1528 1220 ;
1565 1146 1874 1232 acriusque

506 1228 693 1290 multo
719 1274 739 1304 ,
772 1229 932 1310 quasi
969 1230 1037 1290 &
1070 1226 1233 1288 illum
1261 1227 1585 1290 vindicaret
1608 1273 1629 1303 ‚
1657 1229 1872 1303 vicos,

506 1306 735 1370 castella
758 1352 780 1383 ,
816 1308 1033 1404 oppida
1083 1309 1357 1390 diripiens
1387 1353 1410 1382 ,
1449 1311 1508 1368 in
1543 1309 1816 1370 dominos
1847 1355 1874 1386 ,

505 1389 570 1448 in
609 1388 807 1450 servos
854 1388 1112 1450 infestius
1138 1433 1156 1458 ,
1202 1390 1365 1472 quasi
1411 1391 1469 1449 in
1510 1390 1830 1474 transfugas
1846 1435 1870 1464 ,

505 1469 792 1530 saeviebat.
829 1469 927 1531 Ab
963 1469 1080 1529 hoc
1163 1488 1356 1550 uoque
1402 1473 1658 1552 praetorii
1702 1492 1873 1534 exer-

508 1552 655 1612 citus
694 1551 829 1611 caesi
859 1593 883 1621 ,
944 1567 1108 1631 capta
1191 1550 1382 1612 ervilii
1424 1549 1604 1612 castra
1635 1597 1657 1627 ,
1701 1569 1876 1636 capta

506 1629 749 1694 Luculli.
806 1629 924 1692 Sed
974 1630 1032 1691 A
1080 1631 1247 1692 uilius
1287 1674 1311 1702 ,
1382 1629 1686 1714 Perpernae
1734 1632 1874 1694 usus

507 1711 780 1794 exemplo
805 1757 826 1787 ,
872 1713 1056 1772 intere
1080 1709 1240 1772 usum
1290 1709 1518 1774 hostem
1571 1734 1878 1776 commea-

501 1793 659 1853 tibus
695 1793 769 1853 ad
808 1810 1066 1854 extrema
1093 1793 1376 1873 compulit
1407 1812 1427 1866 ;
1459 1794 1872 1860 communitas-

548 1893 621 1932 ue
664 1894 735 1933 co
778 1873 861 1933 ias
914 1874 1085 1932 armis
1141 1871 1295 1932 fame
1353 1871 1518 1934 facile
1581 1876 1804 1937 delevit
1849 1899 1868 1940 ε

505 1893 703 2026 aedidj
752 1970 963 2036 entque
995 1952 1094 2028 se,
1129 1955 1237 2014 nisi
1271 1951 1676 2036 suppliciorum
1705 1974 1872 2019 metu

504 2035 897 2096 voluntariam
938 2051 1192 2095 mortem
1234 2033 1619 2114 praetuliffent.
1659 2038 1756 2099 Ac
1789 2059 1874 2101 ne

508 2115 586 2176 de
620 2115 767 2176 duce
804 2114 1040 2198 quidem
1078 2114 1416 2196 supplicium
1453 2119 1603 2200 exigi
1632 2122 1874 2200 potuit,

509 2198 775 2278 quamvis
809 2198 868 2257 in
905 2217 1108 2258 manus
1144 2198 1375 2256 venerit
1414 2217 1430 2255 τ
1475 2201 1689 2284 quippe
1725 2200 1878 2262 dum

508 2277 662 2339 circ&
716 2278 789 2337 ad
839 2276 1320 2361 prehendendum
1376 2296 1510 2338 eum
1553 2279 1876 2344 multitudo

510 2358 865 2432 contendit,
906 2361 1060 2422 inter
1093 2358 1396 2421 rixantium
1431 2379 1632 2426 manus
1667 2361 1876 2446 praeda

511 2439 750 2503 lacerata
788 2438 891 2504 est.

1004 2597 1344 2744 m
