2067 3667
514 76 539 111 δ

458 228 559 303 86
696 230 773 301 L.
826 234 1188 302 ANNAEt
1237 230 1548 302 Floras

452 350 603 413 fudit
627 397 647 425 ‚
687 348 1062 433 geminosque
1110 368 1310 431 portus
1355 348 1624 433 sanguine
1664 348 1826 413 infee

454 436 550 494 eit.
594 432 864 493 Tandem
914 432 985 491 ab
1034 431 1240 492 incolis
1289 430 1510 492 deserta
1557 434 1764 493 civitas
1793 476 1824 508 5

454 514 675 595 direpta
711 514 962 595 primum
987 557 1007 586 ,
1040 512 1250 573 deinde
1271 556 1291 585 ,
1323 512 1463 573 tuba
1493 515 1820 594 praecinen-

452 611 513 655 te
534 638 558 665 ,
589 593 779 654 deleta
810 588 910 653 est.
945 592 1115 672 Quid
1149 596 1480 675 signorum,
1509 594 1646 676 quid
1677 592 1818 655 ves·-

452 676 597 735 tium
621 718 643 745 ,
690 674 903 755 quidve
939 674 1260 734 tabularum
1297 690 1522 755 raptum
1549 718 1572 747 ,
1607 677 1821 754 inem-f

451 752 577 815 sum
614 771 783 836 atque
819 752 1154 835 projeEium-
1178 752 1260 815 est
1296 755 1331 814 Ξ-
1355 752 1622 833 Quantas
1659 775 1826 837 opes·

452 836 519 898 &
560 834 853 896 abstulerit
898 837 964 897 &
1004 836 1349 897 cremaverit
1375 876 1394 908 ,
1435 835 1568 895 hinc
1617 832 1752 895 scias
1788 882 1818 911 5

534 915 614 977 bd
662 916 943 999 quidquid
983 914 1274 979 Corinthii
1317 917 1443 975 aeris
1487 933 1622 978 toto
1661 916 1828 977 orbe‘

418 1052 423 1055 .
509 997 713 1057 udatur
751 1043 771 1072 ‚
821 998 1094 1059 incendio
1141 995 1466 1078 superfuisse
1519 1000 1814 1077 comperi-

450 1096 599 1139 mus.
653 1077 809 1139 Nam
864 1078 928 1140 ὅ(
982 1082 1111 1139 aeris
1159 1095 1356 1138 notam
1397 1080 1826 1159 pretiosiorem»

450 1157 570 1240 ipsa
626 1157 1076 1239 opulentissimae
1133 1156 1284 1218 urbis
1343 1156 1484 1217 fecit
1535 1155 1740 1237 injuria
1787 1177 1820 1233 ;·

452 1232 585 1321 quia
632 1239 905 1299 incendio
966 1238 1249 1322 permistis
1301 1238 1559 1321 plurimis
1613 1237 1827 1299 statuis-

450 1336 620 1401 atque
659 1319 967 1380 simulacris
995 1367 1013 1392 ,
1051 1322 1178 1380 aeris
1199 1364 1220 1393 ,
1259 1320 1379 1380 auri
1410 1366 1431 1395 ,
1471 1322 1827 1403 argentique

448 1420 617 1462 venae
652 1403 711 1459 in
748 1420 1060 1461 commuue
1099 1400 1353 1461 fluxere.-

470 1524 1800 1601 amu—Qu&

693 1654 1117 1727 CAPUT
1213 1652 1543 1753 xv1u

483 1796 659 1850 RES
716 1796 827 1848 IN
873 1795 1359 1849 HISPANIA
1417 1794 1782 1853 GESTAEL

448 1917 609 2030 UT
648 1961 1058 2046 Carthaginem
1094 1960 1447 2037 CorinthuS‚
1473 1967 1550 2024 ita
1584 1962 1812 2026 Corin-

443 2046 609 2106 ‘rhum
645 2044 959 2105 Numantia
1000 2044 1233 2127 sequuta
1271 2044 1373 2106 est.
1417 2044 1548 2106 Nec
1589 2046 1810 2107 deinde

442 2144 570 2187 toto
622 2126 769 2187 orbe
805 2126 1118 2209 quidquam
1148 2126 1416 2187 intaRum
1465 2128 1632 2186 armis
1672 2126 1816 2189 fuit..

442 2206 577 2268 Post
612 2208 707 2267 illa
740 2208 863 2277 ‚duo
897 2208 1198 2268 clarissima
1239 2208 1466 2268 urbium
1493 2208 1804 2281 incendia,

444 2286 558 2348 Eue
604 2306 774 2371 atque
828 2290 1038 2371 passim
1073 2334 1092 2362 ,
1142 2308 1248 2347 nec
1294 2308 1402 2370 per
1439 2290 1601 2349 vices
1633 2333 1657 2360 ,
1697 2287 1804 2349 sed

444 2369 613 2429 simul
650 2371 859 2450 pariter
885 2374 1044 2450 quasi
1075 2390 1250 2429 unum
1290 2368 1540 2450 undique
1578 2366 1824 2429 bellumv-

441 2448 549 2509 fuit
581 2472 600 2525 3
636 2446 861 2532 prorsus
895 2465 959 2508 ut
990 2449 1101 2507 illae
1131 2448 1300 2509 urbes
1320 2494 1343 2521 ‚
1373 2451 1535 2531 quasi
1571 2470 1602 2508 a
1642 2452 1801 2508 itan-

442 2530 593 2589 nibus
630 2532 820 2591 ventis
847 2574 867 2605 ,
916 2526 1196 2589 diffudiffe
1235 2531 1498 2611 quaedam
1529 2530 1603 2589 be
1629 2529 1667 2588 li
1703 2532 1806 2590 iu-

443 2609 643 2670 eendia
701 2627 829 2671 toto
893 2611 1036 2671 orbe
1096 2610 1446 2671 viderentur.
1502 2606 1803 2691 Hispania!

442 2708 771 2773 numquam-
798 2694 1017 2754 animus
1053 2690 1158 2757 fuit
1203 2691 1477 2754 adv-ersus
1515 2712 1622 2755 nos
1659 2692 1816 2763 unia-j-
