2067 3667
594 319 689 398 54
832 297 908 366 L.
956 297 1318 368 ANNAEl
1371 293 1676 362 FLoat

580 418 759 480 maris
798 417 1033 478 nomine
1070 435 1136 476 ac
1177 431 1398 474 terrore
1439 407 1760 472 deficerent
1784 453 1804 484 ,
1843 430 1942 473 au·

577 516 757 594 gente
804 497 1032 579 insuper
1074 495 1339 556 Tribuno
1381 491 1621 555 Mannio
1669 509 1893 553 metum
1923 537 1942 568 ,

580 601 643 638 m
685 599 857 661 quem
878 624 901 650 ,
938 578 1048 638 nisi
1087 574 1348 658 paruiss‘et
1378 619 1396 648 ,
1433 573 1614 634 securi
1649 572 1894 633 districta
1919 619 1940 646 ‚

581 661 665 718 im
708 667 895 720 era'tor
954 675 1118 718 metu
1173 658 1376 717 mortis
1434 655 1740 738 navigandi
1802 653 1938 717 fecit

580 761 653 799 au
700 740 897 800 aciam.
931 737 1082 800 Mox
1117 740 1306 798 ventis
1339 735 1520 796 remis
1551 757 1623 796 ue
1658 755 1938 818 propera·
2031 749 2042 756 ’

577 836 705 880 tum
738 818 817 880 est
833 823 861 893 ‘;
890 818 1187 900 tantusque
1217 835 1400 879 terror
1431 758 1632 878 hoaici
1657 816 1935 877 adventus

578 899 779 964 Poenis
807 899 913 961 fuit
930 944 949 975 ,
975 917 1041 960 ut
1069 901 1280 982 apertis
1348 918 1456 958 ene
1488 900 1670 980 portis
1699 893 1934 960 Cartha-

580 1002 662 1064 go
702 999 1018 1064 caperetur.
1072 981 1258 1043 Prima
1346 978 1442 1040 eui
1483 979 1783 1059 praemium
1829 977 1934 1038 fuit

578 1065 784 1124 civitas
818 1060 1053 1146 Clypea
1086 1084 1103 1123 τ
1177 1063 1319 1122 rima
1353 1061 1510 1121 enim
1541 1081 1574 1120 a
1596 1057 1812 1130 Punico
1847 1057 1936 1118 lit-

578 1161 715 1204 tore
760 1146 921 1228 quasi
962 1163 1064 1204 arx
1223 1139 1452 1223 specula
1503 1141 1808 1221 procurrit.
1861 1137 1936 1199 Et

576 1223 748 1297 haec,
792 1225 857 1286 &
890 1239 1147 1284 trecenta
1183 1223 1428 1302 amplius
1465 1218 1693 1281 castella
1723 1217 1934 1280 vastata

580 1303 729 1364 sunt.
750 1302 811 1364 N
814 1324 881 1365 ec
905 1325 1040 1365 cum
1064 1301 1394 1364 hominibus
1413 1348 1431 1372 ,
1461 1300 1560 1362 sed
1583 1322 1716 1362 cum
1743 1300 1932 1362 mons·

578 1387 683 1444 tris
723 1404 959 1466 quoque
1006 1385 1340 1444 dimicatum
1377 1380 1459 1442 est
1497 1404 1516 1456 ;
1554 1403 1733 1464 quum
1775 1384 1931 1466 quasi

576 1466 638 1526 in
666 1462 975 1525 vindictam
992 1463 1209 1524 Africa».
1235 1480 1364 1523 nata
1391 1464 1554 1523 mirae
1587 1463 1931 1544 magnitudi-

572 1548 665 1607 nis
700 1545 931 1627 serpens
975 1547 1167 1628 posita
1202 1545 1358 1626 apud
1397 1543 1712 1626 Bagradam
1757 1543 1931 1606 castra

572 1643 831 1709 vexaret.
846 1625 963 1688 Sed
982 1629 1242 1688 omnium
1259 1625 1445 1686 victor
1460 1625 1736 1706 Regulus,
1756 1646 1932 1706 quum

572 1724 859 1768 terrorem
904 1711 1152 1768 nominis
1193 1706 1276 1768 sui
1315 1705 1426 1766 lato
1465 1703 1931 1781 circumtuliss‘et3

578 1807 758 1869 quum
802 1809 875 1849 ue
902 1809 1170 1870 magnam
1188 1791 1311 1848 vim
1343 1786 1658 1869 juventutis
1682 1831 1700 1860 ‚
1730 1785 1930 1847 duces-

574 1888 691 1948 que
714 1811 893 1949 ipim,
913 1887 1010 1930 aut
1029 1867 1314 1930 cecidiffet
1331 1915 1349 1943 ‚
1369 1885 1463 1929 aut
1480 1868 1713 1928 haberet
1729 1871 1784 1927 in
1802 1871 1928 1928 vin-

574 1949 719 2008 culis
743 1968 762 2022 ;
792 1947 1133 2031 classemque
1165 1951 1381 2031 ingemi
1405 1947 1598 2028 praeda
1628 1948 1930 2021 onustam,

574 2031 644 2090 &
670 2031 959 2112 triumpho
994 2051 1270 2114 gravem,
1305 2034 1362 2090 in
1381 2030 1606 2090 Urbem
1630 2029 1932 2111 praemisis-

572 2107 658 2171 set
676 2132 696 2184 ;
734 2114 905 2172 etiam
937 2113 1114 2194 ipsam
1148 2113 1288 2172 belli
1321 2128 1490 2192 caput
1517 2108 1730 2171 Cartha
1771 2108 1926 2170 ine'm

572 2191 813 2274 urgebat
862 2193 1132 2268 obsidio,
1169 2182 1417 2274 ipsisq'ue
1447 2193 1644 2331 <Sportis
1689 2193 1750 2268 in·
1789 2213 1929 2250 aere-

570 2272 692 2334 bat.
720 2273 837 2335 Hic
868 2275 1162 2354 paululum
1195 2277 1446 2334 circuma
1499 2295 1532 2331 a
1553 2271 1779 2332 fortuna
1805 2271 1928 2346 est;

570 2357 792 2413 tantum
840 2371 905 2413 ut
953 2356 1116 2434 plura
1161 2354 1334 2414 essent
1375 2355 1655 2414 Romanae
1704 2356 1930 2414 virtutis

567 2436 815 2514 insignia
853 2454 872 2505 ;
908 2433 1072 2512 cujus
1105 2434 1227 2494 ferie
1259 2435 1599 2515 magnitudo
1643 2434 1928 2495 calamita-

568 2515 725 2574 tibus
764 2515 1130 2594 approbatur.
1174 2513 1328 2574 Nam
1374 2517 1670 2576 conversis
1709 2515 1782 2574 ad
1823 2517 1957 2574 ex-'

566 2610 730 2653 terna
766 2594 970 2654 auxilia
1002 2593 1260 2655 hostibus
1285 2640 1302 2670 ‚
1346 2617 1526 2680 quum
1564 2596 1924 2676 Xantippum

564 2673 678 2734 illis
724 2675 933 2736 ducem
978 2677 1364 2738 Lacedaemon
1407 2677 1681 2749 misisset,
1725 2699 1758 2736 a
1794 2680 1924 2736 viro

568 2756 783 2818 militiae
830 2760 1179 2841 peritissimo
1215 2760 1520 2822 vincimur.
1563 2758 1720 2820 Tum
1764 2755 1926 2822 foeda
