2067 3667
511 290 611 390 ·56
759 290 837 359 L.
888 283 1261 360 A'NNAEJ
1311 290 1616 366 ,From

515 407 664 470 inari
708 405 861 489 apud
902 407 1264 490 AEgirnurum
1303 451 1322 478 ,
1366 405 1485 485 jam
1531 409 1592 466 in
1647 403 1888 467 Italiam·

515 490 673 549 ultro
710 491 1078 572 navigantem
1113 487 1336 548 cecidit.
1361 486 1630 566 Quantus
1663 489 1702 547 ὃ
1733 506 1873 549 tunc

502 569 836 649 triumphus
895 567 1232 650 tempestate
1289 569 1580 628 intercidit
1615 613 1634 642 ‚
1692 589 1873 650 quum

513 649 797 730 opulenta
827 651 1021 730 praeda
1052 650 1244 709 classis
1263 693 1280 721 ,
1315 650 1570 708 adversis
1593 648 1712 708 aesta
1731 669 1878 709 ven-

517 733 593 790 tis
616 774 636 803 ‚
671 729 963 812 naufragio
1001 729 1103 790 suo
1131 729 1390 789 Africam
1430 732 1492 806 δι
1525 727 1726 808 Syrtes
1749 776 1767 800 ,
1807 732 1876 791 δι

512 813 781 870 omnium
816 813 965 891 ripas
1001 812 1256 892 gentium
1277 854 1297 884 3
1336 812 1400 870 &
1433 809 1734 870 insularum
1774 811 1876 871 lit-

518 907 651 951 tora
671 935 694 962 ,
724 891 985 972 implevit
1021 894 1039 952 1
1076 890 1292 971 Magna
1333 891 1562 963 clades,
1607 889 1706 950 sed
1750 912 1873 951 non

518 973 647 1031 sine
681 973 869 1051 aliqua
902 971 1080 1052 princi
1125 973 1172 1030 is
1208 971 1407 1052 populi
1440 972 1712 1052 dignitate
1738 993 1757 1045 3
1783 974 1883 1032 in-

516 1069 836 1134 terceptam
866 994 1204 1134 tempelfate
1227 1051 1524 1112 vifloriam
1545 1097 1564 1124 ,
1587 1054 1650 1113 &
1674 1055 1876 1113 trium-

564 1133 704 1191 hum
731 1131 948 1213 periisse
973 1130 1265 1214 naufragio
1293 1155 1311 1206 3
1345 1133 1408 1192 &
1431 1150 1660 1206 tamen,
1694 1155 1874 1214 quum

514 1153 750 1274 §unicae
782 1213 993 1294 praedae
1028 1213 1294 1272 omnibus
1373 1215 1742 1273 romontoriis
1779 1217 1878 1274 in-

515 1288 663 1352 fulis
693 1313 766 1352 ue
815 1292 1184 1354 frustarentur
1215 1294 1282 1354 &
1327 1235 1613 1353 fluitarent
1635 1339 1654 1368 ,
1686 1316 1878 1376 popu-

514 1373 611 1434 lus
648 1315 945 1433 {omanus
990 1376 1054 1436 &
1095 1376 1176 1434 sic
1214 1374 1604 1454 triumphavit.
1644 1375 1876 1438 Lutatio

516 1451 737 1514 Catulo
779 1454 1009 1514 consule
1049 1454 1281 1514 tandem
1322 1455 1483 1515 bello
1523 1453 1652 1516 finis
1685 1457 1880 1538 impo-

517 1536 665 1595 situs
691 1535 843 1617 apud
870 1533 1075 1595 insulas
1096 1579 1114 1608 ,
1146 1535 1351 1617 quibus
1380 1556 1594 1596 nomen
1619 1537 1882 1619 AEgates,

518 1612 652 1676 Nec
692 1613 880 1695 major
922 1615 1054 1676 alias
1099 1619 1155 1676 in
1195 1618 1338 1675 mari
1377 1637 1565 1699 pugna
1599 1638 1618 1690 3
1660 1621 1756 1698 qui
1799 1639 1878 1701 pe

517 1698 939 1757 commeatibus
964 1743 987 1770 ,
1039 1700 1293 1758 exercitu
1325 1741 1345 1770 ,
1389 1717 1758 1778 propugnacu
1783 1701 1831 1758 is
1855 1743 1876 1772 ,

516 1769 694 1836 arm'is
746 1780 930 1857 gravis
982 1777 1232 1838 hostium
1284 1778 1477 1838 classis
1509 1823 1532 1850 ,
1579 1781 1644 1840 &
1693 1782 1754 1839 in
1807 1800 1881 1840 ea

518 1858 683 1996 {Juasi
724 1873 846 1917 tota
883 1855 1174 1940 Carthago
1214 1879 1234 1934 3
1274 1859 1432 1940 quod
1475 1857 1659 1941 ipsum
1697 1862 1878 1922 exitio

548 1937 647 1994 uit.
676 1935 943 1995 Romana
982 1939 1176 2006 classis
1215 1957 1520 2021 prompta,
1559 1940 1739 2015 levis,
1773 1963 1880 2001 ex-

518 2016 720 2097 pedita
744 2060 761 2088 ‚
804 2019 867 2078 &
907 2019 1162 2098 quodam
1195 2039 1405 2102 genere
1437 2020 1738 2081 ‘castrensis
1764 2021 1876 2096 3ad

520 2097 957 2158 similitudinem
984 2120 1190 2181 pugnae
1221 2099 1494 2181 equestris
1513 2145 1531 2173 ‚
1559 2105 1636 2161 sic
1663 2105 1838 2163 remis
1856 2149 1878 2176 ,

518 2180 684 2259 quasi
735 2177 969 2238 habenis
1014 2180 1289 2262 agebatur
1326 2203 1345 2254 3
1392 2183 1455 2243 &
1493 2182 1736 2254 in-hos,
1780 2184 1878 2244 vel

516 2259 579 2317 in
614 2259 745 2318 illos
782 2259 1019 2319 mobilia
1059 2260 1236 2327 rostra
1268 2259 1518 2342 speciem
1555 2266 1878 2325 viventium

514 2338 919 2420 praeferebant.
976 2339 1176 2424 Itaque
1244 2359 1544 2402 momento
1599 2347 1878 2426 temporis

514 2421 781 2478 laceratae
820 2418 1065 2480 hostium
1101 2437 1246 2480 rates
1272 2465 1291 2494 ‚
1327 2440 1515 2482 totum
1548 2426 1694 2484 inter
1731 2423 1883 2484 Sici-
1978 2427 1984 2432 ’

512 2500 657 2558 liam
692 2499 1126 2581 Sardiniamque
1209 2503 1402 2584 elagus
1441 2504 1732 2586 naufragio
1773 2505 1886 2565 suo·

518 2599 893 2659 operuerunt.
920 2579 1112 2640 Tanta
1145 2523 1391 2664 denique
1423 2584 1530 2643 fuit
1564 2586 1658 2645 illa
1688 2585 1878 2646 vidro-

516 2662 603 2718 ria
625 2707 640 2729 ,
672 2677 737 2719 ut
770 2660 845 2720 de
885 2660 1282 2724 exscindendis
1314 2663 1558 2724 hostium
1589 2667 1882 2726 moenibus

518 2757 639 2802 non
682 2760 1054 2822 quaereretur.
1093 2743 1526 2827 Supervacuum
1563 2746 1756 2810 visum
1791 2745 1879 2808 est-
