2067 3667
421 310 528 408 36·
665 311 736 381 C.
791 314 1069 381 νειμ·
1104 310 1221 379 ΡΑ
1248 324 1546 377 runca·

421 447 488 491 ut
515 428 740 490 senator
769 427 1128 512 agnoscitur:
1156 426 1307 487 adeo
1338 422 1562 486 mature
1582 442 1617 483 a
1644 428 1803 484 rec-‘2
1830 470 1837 479 .
1868 442 1873 444 ·

420 514 496 571 tis
527 513 590 570 in
618 511 760 572 vitia
783 554 802 581 ‚
836 530 871 568 a
905 510 1061 570 vitiis
1094 509 1153 567 in
1227 527 1367 567 rava
1384 551 1407 580 ‚
1433 527 1466 565 a
1494 506 1685 586 pravis
1711 507 1783 563 in

419 592 736 683 praecipitia
812 590 1122 649 ervenitur.
1157 530 1386 647 Eisdem
1414 583 1593 648 tractu
1622 603 1782 645 tem-

422 684 636 755 porum
671 672 735 731 &
768 611 1019 729 Bomitii
1055 687 1129 728 ex
1157 667 1443 729 Arvernis
1469 709 1489 738 ,
1521 668 1587 727 &
1616 664 1785 725 Fabii-
1826 682 1835 687 ·

423 772 499 811 ex
530 749 950 831 Allobrogibus
985 746 1227 810 vietor-ia
1262 746 1367 807 fuit
1405 746 1635 807 nobilis.
1672 745 1799 805 Fa-.
1836 796 1847 805 .

424 833 530 892 bio
551 874 572 903 ‚
602 829 779 891 Paulli
803 831 1045 909 nepoti,
1075 849 1149 889 ex
1178 826 1419 889 vffioria
1448 845 1785 908 cognomen

425 909 809 993 Allobrogico
841 910 1107 969 inditum.
1127 908 1384 970 Notetur
1400 906 1681 969 Domitiae
1696 904 1787 965 fa·
1834 954 1849 969 .

422 993 594 1053 rniliae
659 992 918 1052 eculiaris
937 990 1201 1073 quaedam
1221 1034 1242 1063 ‚
1264 991 1328 1050 &
1347 1006 1412 1050 ut
1432 988 1745 1048 clarissima
1760 1033 1785 1059 ‚

427 1074 508 1132 ita
539 1092 599 1131 ar
655 1089 746 1131 ata
777 1092 1018 1133 numero
1052 1069 1309 1131 felicitas.
1343 1068 1617 1149 Quatuor
1646 1084 1788 1128 ante

427 1154 619 1225 hunc,
649 1152 1020 1222 nobilissimae
1059 1150 1429 1231 simplicitatis
1462 1147 1742 1227 juvenem
1764 1192 1789 1223 ,

428 1231 547 1296 Cn.
577 1232 907 1294 Domitium
925 1266 950 1305 ‚·
975 1230 1139 1291 fuere
1165 1230 1395 1313 singulis
1418 1232 1661 1291 omnino
1682 1250 1793 1309 pa-

428 1312 684 1375 rentibus
712 1314 921 1395 geniti,
948 1309 1049 1371 sed
1076 1332 1281 1372 omnes
1300 1312 1372 1371 ad
1400 1308 1749 1371 consulatum
1768 1352 1795 1383 ,

425 1390 856 1474 sacerdotiaque
892 1436 914 1463 ,
957 1392 1030 1451 ad
1076 1392 1353 1473 triumphi
1396 1408 1589 1452 autem
1633 1410 1795 1473 pene

429 1492 636 1534 omnes
715 1490 1063 1534 ervenerunt
1099 1474 1361 1555 insignia.

456 1582 464 1587 ·
509 1552 624 1614 XI.
713 1553 1124 1615 ellumdeinde
1142 1552 1542 1635 ‚Iugurthinum
1562 1550 1797 1635 gestum

429 1634 518 1695 est
549 1654 657 1717 per
690 1633 776 1713 Q.
801 1634 1113 1694 Metellum
1134 1678 1153 1707 ‚
1187 1634 1325 1694 nulli
1358 1633 1667 1694 secundum
1694 1630 1798 1693 ⁴se-

428 1714 547 1775 culi
593 1714 694 1774 sui.
735 1714 923 1794 Hujus
976 1715 1222 1795 legatus*
1252 1712 1385 1774 fuit‘
1408 1711 1479 1777 C.
1522 1713 1747 1779 Matius
1772 1758 1801 1786 ‚

430 1815 608 1876 quem
648 1794 1010 1875 praediximus
1042 1839 1061 1865 ,
1108 1811 1271 1855 natus
1318 1793 1566 1876 equestri
1609 1795 1751 1854 loco
1778 1840 1805 1870 ,

430 1875 612 1941 hirtus
659 1895 692 1933 a
757 1894 829 1937 ue
871 1874 1136 1934 horridus
1171 1918 1191 1947 ,
1236 1876 1469 1957 vitaque
1520 1873 1741 1935 sanctus
1777 1918 1802 1948 ,

428 1971 706 2035 quantum
772 1954 886 2013 ello
919 1957 1207 2035 optimuS,
1235 1972 1459 2015 tantum
1528 1975 1631 2015 ace
1664 1955 1805 2037 pes·
1872 2010 1881 2017 .

428 2038 610 2095 simus
643 2075 662 2107 ,
708 2034 1057 2095 immodicus
1102 2036 1301 2117 gloriae
1337 2081 1359 2107 ,
1411 2038 1469 2095 in
1496 2034 1803 2109 atiabilis-·,

426 2118 511 2183 im
555 2132 763 2189 mens,
796 2115 1137 2197 semperque
1174 2118 1233 2175 in
1277 2118 1459 2176 uietus
1498 2136 1513 2175 ε
1556 2117 1648 2175 hic
1686 2137 1807 2197 per

426 2216 510 2278 pu
554 2196 768 2258 licanos
786 2238 806 2267 ,
825 2194 1078 2277 aliosque
1102 2198 1163 2255 in
1186 2138 1383 2257 Atinica
1398 2199 1762 2279 negotiantes
1777 2242 1801 2271 ‚

423 2278 758 2337 criminatus
784 2276 1010 2337 Metelli
1042 2277 1445 2363 leptitudinem
1464 2320 1483 2349 ,
1516 2277 1807 2339 trahentis

428 2354 549 2437 jam
568 2359 629 2418 in
645 2358 878 2417 tertium
897 2377 1109 2428 annum
1128 2356 1346 2418 bellum
1360 2403 1377 2427 ‚
1392 2359 1459 2420 ὃς
1478 2358 1803 2423 naturalem

430 2438 742 2497 nobilitatis
775 2436 1098 2518 superbiam
1120 2480 1139 2509 ‚
1178 2438 1557 2519 morandique
1590 2440 1649 2500 i'u
1686 2439 1806 2501 im·-

433 2520 608 2597 periis
637 2516 1030 2596 cupiditatem,
1054 2516 1276 2591 effecit,
1296 2535 1359 2579 ut
1378 2562 1397 2590 ,
1420 2539 1597 2600 quum
1628 2539 1829 2582 com-.

429 2614 626 2659 meatu
683 2600 864 2677 petito
926 2596 1177 2659 Romam
1231 2596 1472 2660 veniffet
1514 2642 1533 2673 ,
1592 2598 1804 2661 consul

432 2692 717 2737 crearetur
736 2721 755 2750 ,
779 2677 1030 2758 bellique
1053 2699 1201 2760 pene
1220 2681 1426 2760 patrati
1446 2701 1480 2739 a
1502 2678 1764 2741 Metello
1778 2726 1809 2755 ‚

426 2760 530 2844 qni
573 2758 660 2823 bis
703 2756 1034 2842 Iugurtham
1088 2762 1209 2823 acie
1254 2760 1479 2837 fuderat
1502 2804 1527 2835 ,
1568 2758 1833 2828 sumt-1122
