2067 3667
738 282 899 382 [ς]

174 416 181 421 ·
225 399 289 463 Si
336 400 578 464 Beatum
631 400 977 464 Rhenanam
1030 404 1292 469 audimus
1329 420 1348 483 3
1392 410 1494 493 qui

138 485 357 565 primus
391 483 688 544 Velleium
726 486 785 542 in
822 485 1011 545 lucem
1047 492 1327 569 protraxit
1349 534 1368 565 ‚
1408 490 1492 553 est

136 565 300 623 idem
342 563 443 625 ine
496 584 674 644 quem
728 562 965 627 Tacitus
1010 586 1188 629 vocat
1243 569 1303 630 P.
1351 570 1492 632 vel-

138 646 337 705 leium.
362 643 489 704 Nec
514 644 619 704 alia
638 664 802 705 mens
830 646 930 707 vel
958 646 1160 716 Jacobi
1187 647 1490 733 Schegkii‚

133 726 238 787 vel
260 724 522 786 Valentis
542 724 789 785 Acidalii
819 748 839 801 ;
876 748 1003 787 eam
1047 750 1120 790 ue
1149 728 1491 793 sententiam

131 806 387 889 probant
424 806 629 867 codice
669 805 892 868 Burei-ii
918 852 937 881 ,
977 830 1015 869 u
1059 812 1076 869 i
1117 812 1356 871 Publius
1393 832 1520 895 aps

130 886 431 969 pellatur,
462 906 582 947 non
620 884 831 969 Cujus,
868 891 953 949 uti
992 888 1170 950 estin
1207 891 1484 975 vulgatis:

132 966 241 1027 sed
276 967 421 1027 nihil
460 966 574 1027 tale
622 968 681 1026 in
712 969 1062 1031 variantibus
1107 969 1330 1033 Burei-ii
1373 972 1490 1035 lec-

132 1047 395 1108 tionibus
436 1048 705 1128 reperias.
741 1047 837 1109 Est
878 1052 943 1111 &
974 1052 1145 1111 tertia
1176 1049 1449 1113 sententia
1467 1074 1487 1115 ε

132 1148 279 1188 nam
317 1130 570 1187 Marcum
604 1146 777 1190 vocat
818 1128 1128 1191 Priscianus
1171 1131 1324 1193 libro
1361 1130 1488 1193 Vl.

134 1207 229 1269 Ita
252 1210 404 1269 enim
431 1207 603 1269 habet
634 1210 699 1270 &
730 1211 845 1269 anti
929 1213 1122 1271 issima
1158 1212 1339 1273 editio
1359 1210 1490 1275 Ve-

134 1308 274 1351 neta
315 1291 449 1349 anni
485 1284 852 1351 CIDCCCC
960 1291 1152 1367 XVI,
1196 1295 1261 1354 &
1295 1302 1503 1355 recen·'

133 1373 355 1431 tissima
382 1369 574 1431 Heliae
602 1369 846 1431 Putschii
880 1392 896 1431 ε
930 1374 1115 1434 immo
1153 1375 1218 1436 &
1249 1377 1487 1455 optimae

132 1468 292 1513 notae
328 1451 519 1513 codex
554 1448 683 1513 MS.
725 1472 890 1513 meus
910 1496 931 1525 ,
968 1471 1034 1515 ut
1069 1456 1310 1517 omnino
1337 1456 1486 1520 'huic

132 1532 429 1596 sententiae
463 1534 657 1615 potius
692 1534 985 1595 accedam.

219 1612 401 1676 Porro
445 1616 513 1677 δι
562 1611 949 1695 fragmentum
994 1614 1292 1696 quoddam
1329 1614 1491 1678 Vela·

133 1694 237 1753 leii
261 1736 282 1765 ‚
321 1693 481 1774 quod
520 1688 725 1753 frustra
768 1694 829 1752 in
870 1694 1036 1754 editis
1075 1716 1292 1778 quaeras
1327 1740 1348 1774 ,
1399 1699 1488 1757 in·

131 1773 353 1836 veniss'e
401 1772 461 1835 se
502 1774 585 1837 ait
620 1772 799 1835 Wolf
828 1794 1004 1859 angus
1049 1776 1248 1838 Lazius
1267 1822 1287 1851 ,
1335 1779 1488 1841 libro

130 1854 181 1917 I.
202 1857 752 1918 commentariorum
836 1857 1138 1938 eipublicae
1165 1858 1444 1921 Romanae
1462 1904 1484 1937 ,

132 1939 326 2019 capite
368 1936 533 1999 VIII.
579 1934 881 2019 Inscriptio
916 1935 1070 1999 illius
1117 1956 1239 1999 erat
1276 1962 1288 1995 ε
1332 1943 1486 2001 Vu-

133 2036 279 2079 ιειι
303 2035 663 2079 exesura
687 2035 781 2078 εκ
804 2020 1097 2080 Gazaca
1111 2022 1482 2085 Hrsrouu.

132 2098 545 2179 Fragmentum
585 2095 767 2178 ipsum
805 2096 1127 2160 istiusmodi
1163 2098 1264 2161 est.

216 2180 380 2240 Dum
438 2180 549 2237 hac
596 2180 739 2237 circa
788 2180 1036 2239 Rhenum
1076 2199 1328 2261 geruntur
1361 2225 1380 2255 ,
1425 2183 1485 2243 in

130 2262 459 2323 Noricorum
500 2258 719 2338 finibus
767 2278 933 2340 grave
988 2262 1194 2319 vulnus
1245 2263 1488 2343 populus

132 2346 422 2401 Romanus
504 2341 731 2419 accepit.
800 2341 1023 2421 Quippe
1101 2342 1484 2405 Germanorum

130 2440 317 2503 gentes
335 2462 357 2496 ,
405 2420 556 2502 quod
595 2421 842 2480 Rhatias
882 2441 1276 2503 occupaverant
1311 2468 1333 2499 ,
1375 2447 1484 2487 nou

134 2503 297 2583 long&
330 2502 401 2561 ab
435 2501 679 2583 Aspibus
710 2546 731 2573 ‚
764 2503 935 2561 trablu
963 2506 1092 2583 pari
1115 2548 1135 2577 ,
1173 2508 1484 2585 patentibus

133 2581 354 2663 campis
392 2626 412 2654 ,
453 2582 543 2641 ubi
580 2584 687 2641 duo
736 2585 1070 2663 rapidissimi
1124 2606 1310 2645 amnes
1348 2589 1488 2647 inter

118 2663 187 2743 fi
228 2665 517 2743 confluunt
538 2706 555 2732 ,
597 2663 655 2722 in
692 2664 830 2744 ipsis
862 2666 1089 2725 Noricis
1109 2665 1322 2744 finibus
1353 2668 1486 2727 civi·

134 2760 303 2805 tatem
330 2786 353 2823 ,
392 2762 503 2805 non
544 2744 752 2824 quidem
793 2766 941 2807 muro
966 2788 987 2822 ,
1016 2744 1120 2826 sed
1151 2746 1305 2840 vet-Iol?
1317 2790 1340 2819 ,
1367 2745 1502 2829 fbf-'3'-

1157 2846 1193 2889 a
1223 2846 1282 2909 ιι]
