2067 3667
531 283 979 350 Ltnen
1077 277 1210 350 II.
1407 301 1546 379 ·53

131 431 137 436 -
188 397 357 462 clade
406 397 799 482 Romanisque
850 397 951 460 usu
1000 396 1294 480 incognita
1317 443 1338 471 ‚
1378 397 1561 464 vivus

186 482 253 540 in
275 500 477 540 manus
510 479 759 542 hostium
793 482 955 542 venit
990 478 1334 540 fortissimus
1361 481 1562 560 irnpe-

188 578 369 622 tator.
410 559 529 622 Sed
567 562 662 622 ille
700 562 939 642 quidem
974 582 1076 641 par
1117 577 1290 622 tantae
1328 560 1563 620 calami-

186 645 293 702 tati
326 640 453 702 fuit.
489 641 646 702 Nam
680 661 787 702 nec
824 644 1036 724 punico
1079 661 1306 702 carcere
1341 640 1560 700 infrac-

78 759 89 765 =
185 739 281 783 tus
331 720 412 782 est
441 764 460 795 ,
503 743 611 784 nec
657 723 943 806 legatione
982 721 1258 803 suscepta.
1303 719 1558 803 Quippe

186 803 452 875 diversa,
483 803 656 887 quium
690 801 883 864 hostes
922 804 1370 872 mandaverant,
1407 824 1558 862 cen-a

184 881 294 943 suit
332 905 349 956 ;
386 905 461 945 ne
506 906 619 966 pax
672 882 837 944 fieret
869 927 889 956 ,
939 906 1048 944 nec
1095 886 1556 949 ,commutatione

186 967 554 1044 captivorum
590 967 966 1043 reciperetur.
997 964 1113 1023 Sed
1151 985 1260 1022 nec
1298 962 1398 1022 illo
1435 984 1555 1022 vo-

183 1043 435 1104 luntario
476 1045 551 1106 ad
590 1042 783 1104 hostes
822 1043 953 1102 suos
994 1043 1184 1104 reditu
1207 1088 1231 1114 ,
1273 1063 1380 1102 nec
1413 1043 1560 1102 ulti-

182 1145 289 1188 mo
338 1126 465 1184 sive
513 1125 755 1185 carceris
787 1169 805 1197 ‚
853 1123 977 1183 {ive
1030 1127 1216 1184 crucis
1265 1122 1582 1204 supplicio*

186 1203 512 1264 deformata
554 1201 816 1282 majestas
854 1225 873 1278 3
913 1205 1098 1266 immo
1139 1205 1225 1264 his
1277 1206 1551 1265 omnibus

185 1285 575 1346 admirabilior
594 1329 612 1354 ,
653 1285 792 1366 quid
840 1284 994 1347 aliud
1036 1285 1210 1368 quem
1250 1283 1432 1344 vistus
1471 1284 1554 1344 de

182 1364 505 1427 vicioribus
536 1413 553 1436 ‚
598 1381 768 1450 atque
810 1368 982 1426 etiam
1014 1411 1033 1435 ,
1076 1369 1210 1449 quia
1255 1363 1551 1448 Carthago

182 1467 306 1508 non
358 1445 593 1509 cefferat
624 1493 653 1521 ,
703 1448 779 1506 de
834 1444 1064 1508 fortuna
1109 1447 1486 1528 triumphavit
1522 1446 1556 1506 ἒ

181 1527 269 1592 Po
310 1528 437 1589 ulus
468 1545 673 1589 autem
700 1527 997 1588 Romanus
1032 1529 1220 1588 multo
1245 1529 1431 1587 acrior
1459 1530 1552 1584 in-

182 1607 243 1668 fe
298 1612 497 1689 iorque
530 1630 641 1688 pro
674 1609 895 1668 ultione
929 1607 1142 1687 Reguli
1165 1651 1188 1678 ,
1222 1607 1396 1686 quiam
1480 1627 1550 1664 ro

182 1687 425 1750 viaoria
469 1687 594 1746 fuit.
637 1685 887 1746 Metello
932 1689 1106 1766 igitur
1153 1685 1386 1746 consule
1462 1687 1556 1766 pi-

143 1777 150 1784 '
184 1768 441 1828 rantibus
477 1769 643 1830 altius
680 1767 875 1828 Poenis
897 1814 915 1838 ‚
942 1767 1008 1828 &
1043 1765 1275 1828 reverso
1309 1769 1368 1826 in
1401 1763 1556 1826 Sici-

183 1850 323 1910 liam
364 1848 519 1910 bello
545 1894 565 1923 ,
612 1849 767 1928 apud
816 1848 1172 1908 Panormum
1223 1851 1302 1907 sic
1351 1847 1552 1908 hostes
1601 1879 1604 1884 ·

184 1931 433 2001 cecidit,
467 1947 531 1990 ut
564 1951 639 1989 ne
672 1930 919 2010 amplius
955 1949 1086 1989 eam
1119 1927 1358 1988 insulam
1384 1931 1552 2010 cogi-

182 2027 387 2074 tarent.
443 2010 873 2092 Argumentum
932 2011 1178 2090 ingentis
1236 2009 1495 2069 viaoriae
1524 2054 1548 2083 ,

185 2109 424 2152 centum
464 2093 689 2150 circiter
724 2090 1168 2170 elephantorum
1207 2092 1506 2169 captivitas
1528 2112 1554 2163 3

184 2174 271 2234 sic
296 2191 532 2254 quoque
561 2191 655 2230 ma
696 2192 767 2230 na
790 2170 987 2250 praeda
1008 2215 1025 2240 ‚
1055 2172 1102 2227 si
1123 2190 1222 2250 gre
1265 2191 1358 2228 em
1384 2169 1550 2228 illum

183 2275 307 2315 non
340 2252 500 2313 bello
522 2294 542 2322 ,
577 2190 694 2310 fef
711 2252 1025 2312 venatione
1065 2189 1315 2329 cepissfftt.
1343 2249 1552 2330 Appio

130 2375 143 2386 ·
186 2332 437 2396 Claudio
473 2329 707 2393 consule
732 2373 753 2404 ,
786 2350 909 2390 non
942 2330 1015 2390 ab
1050 2327 1306 2390 hostibus
1326 2372 1346 2402 ‚
1378 2328 1478 2388 sed
1513 2351 1552 2389 a

186 2414 297 2473 diis
338 2415 477 2495 ipsis
514 2411 809 2495 superatus
850 2408 935 2472 est
958 2455 977 2486 ,
1018 2431 1267 2493 quorum
1303 2409 1552 2489 auspicia

184 2493 607 2576 contempserat
641 2514 663 2566 ;
688 2495 770 2554 ibi
810 2491 997 2554 statim
1030 2489 1198 2552 classe
1240 2492 1550 2562 demersa,

186 2574 290 2634 ubi
320 2573 419 2632 ille
456 2575 795 2655 praecipitari
831 2573 1024 2654 pullos
1069 2571 1298 2653 jusserat
1321 2617 1341 2643 ‚
1378 2573 1546 2654 quod

185 2673 445 2736 pugnare
468 2655 539 2713 ab
560 2654 647 2712 his
670 2665 978 2715 vetaretur.
1000 2653 1210 2714 Marco
1229 2653 1410 2713 Fabio
1433 2653 1554 2713 Bu-

186 2754 367 2800 teone
400 2732 681 2808 consule,
712 2733 939 2800 claffem
970 2733 1226 2875 hosting
1245 2736 1306 2794 in
1335 2731 1549 2796 Africo

1117 2881 1120 2884 ⁴
1255 2835 1297 2890 4
