2067 3667
447 282 724 355 HIST.
776 286 1097 355 LIBER
1132 286 1249 357 ῙῙ.
1407 310 1507 381 47

177 401 343 465 Cinna
361 446 381 476 ‚
420 404 698 485 corruptis
741 405 931 484 primo
971 404 1399 465 centurionibus
1440 426 1507 467 ac

175 485 390 545 tribunis
415 530 436 559 ‚
467 504 608 545 mox
641 487 818 545 etiam
848 484 944 566 spe
969 485 1283 567 largitionis
1307 486 1506 546 militi-

174 564 266 625 bus
284 610 301 639 ,
322 566 391 625 ab
412 586 482 625 eo
505 567 759 625 exercitu
777 609 796 638 ,
824 568 923 647 qui
947 568 1096 625 circa
1110 565 1326 626 Nolam
1345 582 1503 640 erat,

177 663 417 727 receptus
451 644 553 706 est.
583 644 638 705 Is
661 690 682 720 ,
709 667 886 728 quum
915 645 1211 707 universus
1243 649 1301 706 in
1322 646 1505 707 verba

175 723 281 804 ejus
313 724 569 805 jurasset,
600 728 846 787 retinens
881 728 1115 810 insignia
1148 724 1504 803 consulatus,

174 808 349 887 patriae
368 806 583 868 bellum
597 808 819 883 intulit,
848 806 1026 867 fretus
1054 810 1271 891 ingenti
1300 828 1501 869 nume-

172 908 231 947 ro
273 908 559 949 novorum
601 889 815 948 civium
843 915 868 963 ,·
903 909 936 948 e
986 910 1233 971 quorum
1274 887 1501 949 delean

172 982 427 1029 trecentas
468 989 564 1027 arn
605 968 710 1027 lius
745 970 1016 1030 cohortes
1052 968 1269 1029 conseri
1311 968 1457 1029 serat
1480 1013 1503 1042 ,

173 1069 230 1107 ac
281 1052 504 1131 triginta
563 990 860 1131 regionum
911 1048 1085 1109 instar
1137 1051 1259 1130 imp
1283 1065 1501 1109 everat.

174 1126 324 1219 Opus
363 1147 482 1191 erat
522 1130 772 1210 partibus
808 1174 828 1204 ,
865 1128 1193 1189 austeritate
1220 1174 1240 1203 ,
1344 1128 1453 1189 atia
1481 1151 1505 1203 ;

173 1230 310 1287 cujus
346 1209 623 1293 augendae
674 1208 748 1270 C.
788 1209 1043 1269 Marium
1084 1230 1215 1269 cum
1303 1210 1380 1270 lio
1426 1209 1505 1270 de

173 1291 350 1351 exsilio
403 1292 708 1353 revocavit
729 1336 754 1363 ,
797 1292 1010 1373 quique
1038 1306 1194 1351 ‘cum
1232 1291 1299 1351 iis
1350 1290 1503 1373 pulsi

173 1388 328 1432 erant.

239 1450 409 1513 XXI.
451 1450 621 1511 Dum
644 1450 858 1511 bellum
889 1468 1079 1511 autem
1100 1448 1272 1511 infert
1346 1450 1501 1510 atriae

173 1528 338 1593 Cinna
354 1578 376 1605 ,
407 1530 526 1594 Cn.
550 1531 696 1591 Pom
739 1533 858 1591 eius
883 1530 1084 1613 Magni
1111 1547 1271 1612 pater
1302 1470 1502 1611 fcujus

172 1614 418 1692 praeclara
460 1614 644 1693 opera
696 1554 857 1672 geno
911 1611 1164 1673 Marsico
1213 1611 1502 1691 praecipue

173 1694 308 1753 circa
338 1693 612 1754 Picenum
648 1714 848 1775 agrum
867 1734 888 1765 ‚
921 1708 984 1751 ut
1019 1689 1245 1773 praescri
1291 1692 1465 1750 simus
1486 1734 1507 1765 ,

173 1771 258 1832 usa
297 1791 408 1835 erat
444 1772 762 1854 respublica
783 1819 801 1848 ‚
843 1774 1053 1854 quique
1087 1770 1243 1832 Ascu
1269 1792 1367 1830 um
1410 1791 1506 1831 ce-

173 1873 350 1932 perat,
373 1857 530 1915 circa
561 1875 732 1935 quam
759 1853 961 1913 urbem
984 1896 1001 1925 ,
1026 1873 1204 1933 quum
1226 1854 1287 1911 in
1314 1850 1505 1911 multis

171 1934 277 1994 aliis
315 1935 648 2019 regionibus
689 1936 970 1995 exercitus
1003 1932 1239 2014 dispersi
1274 1930 1507 2007 forent,

172 2018 402 2097 quinque
437 2018 506 2077 &
535 2013 886 2097 septuaginta
917 2014 1101 2074 millia
1139 2015 1353 2073 civium
1379 2012 1507 2073 Ro-

165 2117 456 2159 manorum
483 2139 505 2168 ,
540 2096 780 2177 amplius
820 2095 1103 2177 sexaginta
1140 2093 1320 2153 millia
1358 2090 1512 2152 Itali·

170 2198 358 2239 corum
375 2176 497 2239 una
521 2176 612 2235 die
633 2174 1055 2256 conflixerant]
1082 2171 1379 2233 frustratus
1409 2171 1507 2251 spe

168 2258 529 2319 continuandi
555 2254 872 2316 consulatus
888 2298 908 2329 ‚
937 2258 1018 2314 ita
1042 2253 1101 2315 se
1126 2253 1363 2313 dubium
1385 2272 1511 2311 me-

167 2339 430 2435 diumque
512 2336 718 2397 artibus
764 2334 1057 2419 praestitit,
1093 2352 1159 2395 ut
1199 2334 1395 2392 omnia
1434 2352 1510 2393 ex

167 2441 395 2501 proprio
413 2441 454 2479 u
477 2440 516 2479 u
539 2434 754 2501 ageret,
769 2414 1237 2499 temporibusque
1258 2412 1510 2473 insidiari

165 2500 453 2561 videretur
477 2544 499 2573 ‚
536 2500 602 2560 δι
631 2498 742 2559 huc
775 2517 948 2581 atque
983 2496 1117 2557 illuc
1142 2539 1162 2569 ,
1188 2492 1344 2554 unde
1383 2491 1511 2575 spes

163 2579 338 2659 major
389 2577 627 2640 affuisset
671 2581 950 2661 potentiae
982 2622 1003 2652 ‚
1061 2575 1121 2637 se
1168 2576 1516 2636 exercitum-

164 2682 271 2740 que
314 2659 650 2721 defleReret
676 2682 700 2721 τ
743 2659 839 2720 sed
881 2659 954 2719 ad
994 2658 1259 2718 ultimum
1300 2676 1394 2715 ma
1435 2676 1514 2714 no

163 2744 458 2824 atrocique
484 2741 696 2823 proelio
723 2762 856 2803 cum
881 2739 1071 2803 Cinna
1090 2738 1367 2818 conflixit.
1446 2756 1517 2797 u·
