2067 3667
582 301 1258 402 LrnEaJI.
1499 329 1584 401 93

236 421 565 483 duceretur.
625 421 824 483 Praeda
862 467 882 495 ‚
938 439 1001 483 ut
1055 423 1128 483 de
1185 424 1530 505 pauperibus
1570 466 1593 497 ‚

240 505 441 563 nulla:
467 522 623 561 arma
668 505 778 583 ipsi
812 522 1224 565 cremaverant.
1247 503 1602 586 Triumphus

242 580 350 642 fuit
374 585 605 642 tantum
645 583 719 643 de
756 586 1011 647 nomine.

266 709 1578 785 ‹cm-:W

514 834 951 907 CAPUT
1048 835 1305 908 XIX.

246 934 367 1046 H
392 997 438 1041 A
460 997 501 1041 c
520 997 615 1039 τε
634 997 678 1040 N
706 997 753 1040 υ
779 999 807 1040 s
846 981 1100 1062 populus
1134 980 1430 1042 Romanus
1465 982 1600 1063 pul-

247 1061 389 1121 cher
410 1107 428 1132 ,
464 1063 760 1142 egregius,
795 1063 921 1141 pius
942 1106 963 1133 ‚
992 1059 1244 1136 sancius,
1278 1080 1448 1144 atque
1480 1085 1604 1123 ma-

247 1141 529 1224 gnificus:
557 1141 775 1222 reliqua
804 1139 1018 1215 seculi,
1041 1160 1105 1202 ut
1132 1142 1366 1223 grandia
1395 1145 1558 1224 aeque
1579 1185 1601 1215 ‚

246 1225 329 1281 ita
365 1221 467 1282 vel
500 1223 677 1302 magis
706 1220 929 1280 turbida
964 1224 1029 1284 &
1067 1221 1224 1282 foeda
1247 1267 1267 1295 ‚
1291 1222 1605 1283 crescenti-

248 1304 359 1362 bus
392 1322 526 1361 cum
563 1299 682 1381 i'psa
723 1302 1112 1384 magnitudine
1147 1305 1370 1384 imperii
1404 1306 1600 1365 vitiist

250 1383 405 1442 adeo
426 1397 501 1440 -ut
534 1383 583 1440 si
618 1383 745 1462 quis
780 1383 923 1442 hanc
958 1385 1180 1443 tertiam
1217 1381 1340 1462 ejus
1371 1400 1604 1445 aetatem

248 1460 682 1522 transmarinam
705 1507 727 1534 ,
768 1482 939 1544 quam
982 1464 1362 1523 ducentorum
1407 1485 1602 1525 anno·

251 1563 384 1602 rum
412 1541 655 1603 fecimus
675 1586 694 1615 ,
734 1543 953 1603 dividat
984 1588 1005 1614 ‚
1029 1561 1260 1602 centum
1297 1545 1404 1604 hos
1439 1547 1601 1626 prio·-

252 1645 345 1684 res
363 1668 384 1696 ‚
412 1623 619 1705 quibus
654 1621 908 1683 Africam
930 1665 951 1694 ‚
985 1621 1425 1697 Macedoniam,
1459 1623 1604 1684 Sici·

252 1705 390 1764 liam
422 1746 442 1775 ,
482 1702 813 1784 Hispaniam
860 1704 1084 1762 domuit
1116 1747 1135 1777 ‚
1182 1725 1372 1762 aureos
1409 1703 1602 1784 (sicut

254 1789 447 1868 poetae
484 1801 694 1844 canunt
726 1781 753 1864 )
797 1781 921 1863 jure
962 1781 1286 1864 meritdque
1321 1782 1605 1861 fateatur;

256 1883 493 1926 centum
521 1863 822 1943 sequentes
855 1862 1056 1943 simos
1090 1867 1257 1946 plane
1289 1866 1354 1925 &
1391 1885 1602 1925 cruens

256 1963 349 2005 tos
381 1989 399 2019 ,
440 1945 507 2006 &
554 1947 603 2004 si
654 1945 792 2024 quid
831 1946 1132 2004 immanius
1181 1967 1196 2004 :
1241 1947 1458 2026 quippe
1499 1947 1601 2028 qui

254 2024 603 2106 Iugurthinis
636 2067 655 2096 ,
711 2022 1016 2085 Cimbricis
1054 2067 1077 2094 ,
1135 2024 1537 2086 Mithridaticis
1578 2067 1602 2100 ,

256 2105 535 2167 Parthicis
569 2104 735 2163 bellis
762 2149 782 2178 ‚
820 2103 1260 2184 Gallicis-atque
1295 2104 1606 2165 Germani-

260 2187 382 2259 εἰς,
410 2185 615 2266 quibus
644 2185 857 2244 coelum
894 2182 1080 2265 ipsum
1111 2185 1291 2268 gloria
1311 2183 1562 2244 ascendit
1582 2230 1602 2259 ,

257 2265 623 2326 Gracchanas
645 2308 664 2335 ‚
692 2261 1114 2346 Drusianasque
1143 2265 1328 2323 caedes
1347 2311 1364 2333 ,
1391 2266 1462 2324 ad
1489 2267 1602 2327 hcc

258 2345 507 2406 Servilia
534 2344 685 2404 bella
713 2343 1094 2418 miscuerunt3
1127 2347 1192 2406 &
1219 2362 1295 2404 ne
1323 2346 1463 2425 quid
1485 2365 1606 2405 tur-

260 2426 506 2521 pitudini
541 2424 725 2499 desit,
760 2422 1128 2486 Gladiatoria.
1165 2423 1318 2484 Deni
1403 2447 1436 2487 e
1459 2429 1517 2485 in
1545 2426 1606 2488 se

262 2505 386 2586 ipse
422 2503 733 2566 conversus
768 2505 1038 2566 Marianis
1060 2549 1080 2576 ‚
1113 2523 1283 2588 atque
1359 2507 1558 2567 ullanis
1582 2548 1605 2581 ,

262 2587 581 2646 novissime
610 2584 913 2665 Pompeii,
945 2589 1009 2648 &
1043 2583 1281 2646 Caesaris
1307 2587 1564 2647 manibus
1581 2625 1609 2661 ,

260 2669 429 2746 quasi
456 2685 561 2747 per
594 2665 811 2726 rabiem
832 2710 851 2738 ,
880 2668 941 2727 &
974 2665 1230 2726 furorem
1252 2711 1274 2736 ‚
1305 2669 1369 2727 &
1406 2668 1602 2742 nefas,

262 2745 589 2829 semetipse
610 2747 899 2810 laceravit.
921 2743 1080 2826 Quae
1109 2748 1217 2818 etsi
1239 2745 1430 2830 juncta
1457 2750 1606 2812 inter
