2067 3667
631 154 661 179 l

481 309 761 383 Hrsr.
812 314 1120 409 Lmen
1168 315 1276 387 II.
1425 338 1574 438 ‚553

182 426 370 505 bem3
398 425 673 503 adjiciens
697 476 718 503 ,
750 452 1065 514 numquam
1094 432 1391 497 defuturos
1423 458 1552 519 rap·

182 529 343 573 tores
372 508 585 573 Italicae
622 512 899 573 libertatis
938 514 1108 595 lupos
1130 560 1152 588 ‚
1188 519 1297 577 nisi
1330 515 1540 599 sylva,

181 593 247 652 in
290 612 463 674 quam
502 592 627 654 refu
668 614 769 654 ere
806 592 1051 655 solerent
1083 640 1103 670 ‚
1153 596 1292 657 esset
1333 599 1540 661 excisa.

181 671 319 734 Post
352 673 599 756 primam
662 694 857 735 emum
889 674 1093 737 horam
1121 677 1304 739 noffis
1335 680 1399 743 ὃ(
1424 679 1547 741 Ro·-

181 774 357 815 mana
392 756 544 815 acies
584 754 925 837 respiravit,
960 760 1025 819 &
1065 756 1313 822 hostium
1351 763 1546 822 cessit.

182 832 494 895 Telesinus
527 834 759 918 postera
780 838 874 897 die
899 835 1245 901 semianimis
1279 858 1544 921 repertus

184 912 269 975 est
288 960 307 989 ‚
330 915 564 977 victoris
586 918 765 1009 magis
791 917 965 1000 quam
987 920 1284 981 morientis
1313 920 1544 981 vultum

180 995 495 1077 praeferens
538 1017 559 1071 3
612 1018 773 1077 cujus
828 996 1125 1059 absciffum
1181 1016 1354 1083 caput
1404 999 1542 1061 ferri

224 1074 499 1159 estarique
530 1078 681 1138 circa
698 1076 977 1139 Praeneste
1000 1077 1166 1139 Sulla
1179 1078 1355 1159 jussit.
1381 1078 1542 1141 Tum

181 1096 423 1217 gernum
462 1156 773 1241 desperatis
822 1157 993 1220 rebus
1049 1157 1159 1221 fuis
1201 1158 1272 1222 C.
1315 1158 1540 1222 Marius

180 1236 517 1299 adolescens
592 1258 658 1300 er
684 1239 981 1301 cuniculos
1002 1282 1021 1312 ,
1043 1242 1141 1327 qui
1173 1242 1322 1301 miro
1357 1242 1542 1322 opere

180 1316 439 1379 fabricati
458 1322 517 1378 in
576 1318 789 1380 :iversas
808 1339 1078 1403 agrorum
1100 1338 1292 1403 partes
1311 1319 1537 1395 ferunt,

178 1416 423 1461 conatus
446 1420 749 1482 erumpere
770 1443 790 1473 ‚
819 1422 996 1495 quum
1020 1400 1303 1463 foramine
1325 1424 1358 1463 e
1386 1420 1540 1465 terra

175 1478 532 1555 emersisset,
568 1502 601 1539 a
642 1480 927 1562 dispositis
970 1485 1031 1542 in
1071 1482 1316 1564 idipsum
1359 1484 1542 1543 inter-

178 1579 411 1637 emptus
437 1559 539 1622 est.
571 1558 713 1623 Sunt
732 1605 759 1633 ,
780 1563 879 1643 qui
912 1560 1010 1622 sua
1043 1584 1212 1631 manu
1233 1606 1263 1635 2
1281 1563 1404 1623 funt
1439 1566 1538 1645 qui

178 1659 627 1703 concurrentem
660 1645 877 1703 mutuis
911 1642 1114 1705 iffibus
1148 1664 1280 1703 cum
1310 1645 1540 1705 minore

175 1721 359 1783 fratre
374 1720 647 1787 Telesino
666 1768 687 1797 ‚
710 1722 825 1784 una
841 1722 1061 1785 obsesso
1084 1725 1149 1789 &
1165 1742 1504 1809 erumpente
1515 1766 1539 1799 ‚

176 1802 507 1866 occubuiss'e
520 1803 913 1888 prodiderint.-
934 1802 1267 1889 Utcumque
1289 1806 1498 1865 cecidit
1513 1850 1536 1876 ‚

175 1884 473 1967 hodieque
496 1884 653 1947 tanta
669 1887 845 1967 patris
862 1887 1114 1977 imagine
1138 1907 1256 1946 non
1281 1885 1540 1956 ohscura-

101 1983 110 1993 “
174 1983 274 2027 tur
294 1963 419 2045 ejus
434 1966 813 2040 memori23de
834 1988 951 2048 quo
970 1987 1182 2046 juvene
1197 1968 1336 2050 quid
1351 1966 1539 2033 existi·-

176 2050 429 2108 maverit
450 2045 607 2107 Sulla
629 2049 685 2107 in
716 2066 994 2130 promptu
1014 2044 1096 2109 est
1121 2070 1134 2109 :
1159 2047 1348 2110 occiso
1379 2051 1534 2110 enim

178 2127 423 2188 demum
446 2147 520 2188 eo
541 2173 560 2199 ‚
590 2127 769 2187 felicis
791 2149 1004 2187 nomen
1024 2126 1312 2211 assumpsit
1322 2172 1345 2201 ,
1374 2128 1538 2209 quod

260 2208 418 2270 idem
448 2206 751 2289 usurpaffet
788 2206 1088 2286 justissime
1112 2253 1131 2282 ‚
1177 2212 1223 2269 si
1265 2210 1540 2270 eumdem

176 2230 259 2351 ἓ,
290 2289 564 2350 vincendi
617 2289 681 2349 &
720 2289 964 2349 vivendi
1010 2287 1190 2349 finem
1235 2287 1534 2352 habuisset.

176 2368 622 2453 oppugnationi
673 2386 868 2429 autem
907 2368 1204 2431 Praenestis
1249 2392 1315 2432 ac
1361 2367 1538 2436 Marii

222 2449 485 2510 raefuerat
504 2448 703 2512 Ofella
724 2450 1020 2511 Lucretius
1039 2494 1058 2522 ,
1085 2455 1178 2533 qui
1201 2472 1380 2534 quum
1403 2451 1534 2509 ante

172 2472 568 2593 &arianarum
613 2530 797 2591 fuisset
846 2534 1092 2611 partium
1133 2577 1151 2607 ,
1197 2551 1409 2615 praetor
1459 2530 1535 2595 ad

172 2608 399 2673 Sullam
426 2610 821 2692 transfugerat.
846 2610 1200 2673 Felicitatem
1234 2612 1348 2674 diei
1367 2632 1535 2693 ‚xquo

170 2690 522 2753 Samnitium
556 2692 931 2775 Telesinique
966 2691 1154 2773 pulsus
1192 2692 1274 2753 est
1303 2695 1536 2753 'exerci-

172 2790 269 2834 tus
292 2817 313 2850 ,
349 2771 509 2836 Sulla
544 2774 823 2855 perpetua
860 2773 1130 2874 lqurum
1171 2770 1534 2835 Circensium

1161 2851 1318 2917 civ
