2067 3667
519 298 1257 381 ‚LzesnIL
1499 297 1596 395 69

240 412 612 493 interjacente
630 460 649 490 ,
675 438 792 499 quo
818 416 1095 490 consilio,
1125 416 1237 498 qua
1264 415 1594 489 celeritate,

246 494 505 557 consules
540 494 717 557 castra
747 496 1143 575 conjunxerint
1162 542 1181 571 ,
1211 500 1599 579 inopinanter-

244 598 359 658 que
392 576 617 637 hostem
652 578 867 639 collatis
910 580 1081 660 signis
1117 578 1551 659 compresserint
1571 623 1598 651 ,

243 678 435 739 neque
478 659 539 717 id
582 656 709 719 fieri
751 658 1001 720 Annibal
1047 656 1316 732 senserit„
1360 656 1594 719 difficile

244 738 395 799 dictu
420 738 521 799 est.
540 737 721 801 Certe
737 738 1021 812 Annibal,
1043 760 1105 801 re
1127 741 1391 823 cognita,
1416 759 1596 823 quum

244 817 567 900 pro'essum
602 820 787 881 fratris
825 837 997 901 caput
1039 820 1112 879 ad
1155 818 1252 880 sua
1296 820 1474 881 castra
1509 816 1602 880 vi-‘

248 842 411 961 dissjet
434 944 455 973 ,
486 900 712 982 agnofto
741 944 761 973 ,
798 903 979 983 inquit
1001 945 1022 971 ,
1066 898 1436 979 infelicitatem
1473 900 1602 960 Car-

250 982 509 1060 thaginis.
555 981 697 1041 Haec
755 980 859 1040 fuit
913 979 1060 1039 illius
1107 982 1218 1040 viri
1253 1023 1272 1053 ,
1317 1002 1436 1039 non
1477 982 1601 1041 sine

248 1058 523 1142 praesagio
561 1058 815 1142 quodam
853 1058 953 1120 fati
988 1062 1338 1121 imminentis
1364 1104 1382 1131 ‚
1459 1061 1603 1121 rima

250 1138 565 1201 confessio.
616 1136 743 1200 Jam
802 1158 1025 1200 certum
1082 1158 1202 1200 erat
1252 1140 1410 1200 Anni
1453 1140 1604 1200 alem

251 1223 427 1281 etiam
463 1224 637 1302 ipsius
672 1220 1033 1281 confessione
1070 1219 1227 1301 posse
1261 1222 1418 1283 vinci
1456 1242 1472 1281 2
1503 1218 1604 1288 sed

251 1319 343 1363 tot
374 1322 565 1363 rerum
595 1300 991 1383 prosperarum
1021 1300 1233 1362 fiducia
1263 1302 1466 1383 plenus
1491 1322 1603 1383 po·

250 1382 420 1465 pulus
458 1382 750 1443 Romanus
783 1385 972 1465 magni
1010 1380 1321 1443 aestimabat
1363 1380 1429 1441 as
1459 1384 1604 1442 erri-

249 1485 413 1523 mum
434 1462 659 1524 hostem
677 1465 737 1523 in
756 1462 787 1522 s
782 1486 852 1523 ua
870 1462 1068 1525 Africa
1092 1464 1401 1525 debellare.
1418 1404 1601 1523 {hee

248 1545 421 1627 igitur
464 1542 735 1625 Scipione
770 1588 789 1618 ,
836 1546 895 1603 in
943 1542 1124 1623 ipsam
1175 1542 1434 1602 Africam
1478 1543 1604 1602 tota

249 1624 409 1685 mole
431 1623 737 1685 conversus
754 1666 773 1695 ,
790 1626 997 1683 imitari
1016 1625 1195 1703 coepit
1217 1622 1564 1685 Annibalem
1581 1664 1604 1701 ,

255 1708 321 1767 &
361 1703 537 1764 Italiae
577 1701 689 1763 suae
726 1702 915 1763 clades
957 1705 1013 1763 in
1052 1702 1252 1762 Africa
1286 1702 1604 1768 vindicare.

254 1784 425 1865 Quas
456 1784 549 1845 ille
579 1783 706 1866 (dii
738 1785 879 1844 boni
906 1782 966 1863 l)
996 1782 1328 1844 Asdrubalis
1365 1785 1596 1864 copiaS,

252 1888 401 1948 quos
424 1864 707 1947 Syphacis
733 1867 1014 1925 exercitus
1047 1862 1196 1925 fudit
1220 1864 1242 1923 ?
1305 1886 1390 1923 uae
1419 1886 1605 1947 quan-

251 1964 427 2023 taque
474 1944 764 2027 utriusque
804 1944 983 2007 castra
1021 1944 1237 2005 facibus
1265 1887 1442 2005 cilllatis
1486 1945 1602 2005 una

252 2026 423 2086 noae
460 2027 675 2089 delevit
712 2026 734 2087 ἓ
766 2026 1015 2109 denique
1051 2023 1168 2105 jam
1203 2048 1322 2085 non
1361 2048 1394 2085 a
1426 2028 1602 2086 tertio

254 2107 445 2189 lapide
465 2154 490 2181 ‚
526 2106 624 2167 sed
655 2105 800 2187 ipsas
828 2105 1189 2189 Carthaginis
1221 2120 1418 2185 portas
1449 2106 1605 2165 obsi-

256 2188 434 2249 dione
471 2188 779 2269 quatiebat.
812 2184 907 2247 Sic
940 2184 1150 2246 facium
1187 2185 1268 2245 est
1288 2229 1308 2257 ,
1338 2204 1400 2246 ut
1432 2185 1606 2245 inhae-

254 2285 482 2331 rentem
530 2285 702 2349 atque
754 2267 1122 2326 incubantem
1173 2264 1348 2325 Italiae
1407 2284 1605 2325 extor-

258 2366 463 2431 queret
504 2346 873 2409 Annibalem.
916 2345 1058 2407 Non
1116 2345 1221 2406 fuit
1273 2343 1456 2425 major
1501 2344 1602 2405 sub

257 2432 503 2511 imperio
541 2428 813 2491 Romano
850 2427 972 2487 dies
992 2470 1012 2501 ‚
1049 2426 1220 2509 quam
1253 2427 1348 2487 ille
1369 2470 1390 2501 ,
1422 2446 1604 2509 quum

261 2511 380 2569 duo
420 2512 681 2570 omnium
723 2513 787 2572 &
835 2527 1000 2570 antea
1043 2510 1108 2569 &
1189 2507 1349 2569 ostea
1389 2508 1603 2569 ducum

258 2590 529 2665 maximi,
558 2588 651 2649 ille
682 2588 858 2651 Italiae
872 2635 897 2661 ‚
926 2589 1021 2649 hic
1059 2530 1346 2670 Hitzaniae
1371 2586 1559 2650 viclor
1577 2632 1604 2661 ,

260 2669 481 2731 collatis
530 2671 791 2729 cominus
842 2671 1014 2752 signis
1080 2670 1340 2730 direxere
1395 2671 1600 2733 aciem.

262 2748 380 2816 Sed
414 2752 480 2817 &
520 2749 875 2835 colloquium
909 2747 1017 2811 fuit
1047 2751 1194 2835 inter
1211 2746 1372 2835 *ipsos
1406 2749 1479 2811 de
1517 2749 1606 2821 lez
