<?xml version="1.0" encoding="UTF-8"?>
<!DOCTYPE html PUBLIC "-//W3C//DTD XHTML 1.0 Transitional//EN"
    "http://www.w3.org/TR/xhtml1/DTD/xhtml1-transitional.dtd">
<html xmlns="http://www.w3.org/1999/xhtml" xml:lang="en" lang="en">
 <head>
  <title>
</title>
<meta http-equiv="Content-Type" content="text/html;charset=utf-8" />
  <meta name='ocr-system' content='tesseract 3.04.00' />
  <meta name='ocr-capabilities' content='ocr_page ocr_carea ocr_par ocr_line ocrx_word'/>
</head>
<body>
  <div class='ocr_page' id='page_1' title='image "./caiivelleiipate00lallgoog_0093.png"; bbox 0 0 2067 3667; ppageno 0'>
   <div class='ocr_carea' id='block_1_1' title="bbox 505 293 1585 402">
    <p class='ocr_par' dir='ltr' id='par_1_1' title="bbox 505 293 1585 402">
     <span class='ocr_line' id='line_1_1' title="bbox 505 293 1585 402; baseline 0.006 -38"><span class='ocrx_word' id='word_1_1' title='bbox 505 293 788 366; x_wconf 75' lang='lat' dir='ltr'>str.</span> <span class='ocrx_word' id='word_1_2' title='bbox 843 297 1151 366; x_wconf 73' lang='lat' dir='ltr'><em>LtBER</em></span> <span class='ocrx_word' id='word_1_3' title='bbox 1200 298 1310 368; x_wconf 89' lang='grc' dir='ltr'>ΙΙ.</span> <span class='ocrx_word' id='word_1_4' title='bbox 1474 321 1585 402; x_wconf 18' lang='grc' dir='ltr'>γι-</span> 
     </span>
    </p>
   </div>
   <div class='ocr_carea' id='block_1_2' title="bbox 191 409 1587 2828">
    <p class='ocr_par' dir='ltr' id='par_1_2' title="bbox 205 409 1573 570">
     <span class='ocr_line' id='line_1_2' title="bbox 205 409 1573 495; baseline 0.002 -22"><span class='ocrx_word' id='word_1_5' title='bbox 205 411 458 476; x_wconf 80' lang='lat' dir='ltr'>ficentiae</span> <span class='ocrx_word' id='word_1_6' title='bbox 492 409 864 476; x_wconf 85' lang='lat' dir='ltr'>effusissimus</span> <span class='ocrx_word' id='word_1_7' title='bbox 887 459 908 488; x_wconf 90' lang='lat'>‚</span> <span class='ocrx_word' id='word_1_8' title='bbox 937 417 1135 476; x_wconf 84' lang='lat' dir='ltr'>animo</span> <span class='ocrx_word' id='word_1_9' title='bbox 1170 416 1339 495; x_wconf 78' lang='lat' dir='ltr'>{uper</span> <span class='ocrx_word' id='word_1_10' title='bbox 1370 415 1573 478; x_wconf 86' lang='lat' dir='ltr'>huma·</span> 
     </span>
     <span class='ocr_line' id='line_1_3' title="bbox 207 493 1572 570; baseline 0.002 -16"><span class='ocrx_word' id='word_1_11' title='bbox 207 515 347 554; x_wconf 82' lang='lat' dir='ltr'>nam</span> <span class='ocrx_word' id='word_1_12' title='bbox 394 495 459 557; x_wconf 87' lang='lat'>&amp;</span> <span class='ocrx_word' id='word_1_13' title='bbox 495 511 752 554; x_wconf 82' lang='lat' dir='ltr'>naturam</span> <span class='ocrx_word' id='word_1_14' title='bbox 794 497 858 557; x_wconf 80' lang='grc' dir='ltr'>δι.</span> <span class='ocrx_word' id='word_1_15' title='bbox 897 493 1077 556; x_wconf 87' lang='lat' dir='ltr'>fidem</span> <span class='ocrx_word' id='word_1_16' title='bbox 1118 495 1347 557; x_wconf 61' lang='lat' dir='ltr'>eveffls</span> <span class='ocrx_word' id='word_1_17' title='bbox 1386 519 1405 570; x_wconf 99' lang='lat'>3</span> <span class='ocrx_word' id='word_1_18' title='bbox 1446 517 1572 558; x_wconf 85' lang='lat' dir='ltr'>ma-</span> 
     </span>
    </p>

    <p class='ocr_par' dir='ltr' id='par_1_3' title="bbox 199 574 1587 1706">
     <span class='ocr_line' id='line_1_4' title="bbox 248 574 1573 676; baseline 0.003 -42"><span class='ocrx_word' id='word_1_19' title='bbox 248 574 508 634; x_wconf 79' lang='lat' dir='ltr'>nitudi-ne</span> <span class='ocrx_word' id='word_1_20' title='bbox 545 577 957 676; x_wconf 59' lang='lat' dir='ltr'>cogitationum</span> <span class='ocrx_word' id='word_1_21' title='bbox 977 621 998 648; x_wconf 94' lang='lat'>‚</span> <span class='ocrx_word' id='word_1_22' title='bbox 1036 575 1326 637; x_wconf 87' lang='lat' dir='ltr'>celeritate</span> <span class='ocrx_word' id='word_1_23' title='bbox 1357 576 1573 653; x_wconf 73' lang='lat' dir='ltr'>helian-</span> 
     </span>
     <span class='ocr_line' id='line_1_5' title="bbox 205 595 1570 740; baseline 0.004 -26"><span class='ocrx_word' id='word_1_24' title='bbox 205 595 269 715; x_wconf 55' lang='lat' dir='ltr'>fii</span> <span class='ocrx_word' id='word_1_25' title='bbox 311 700 334 730; x_wconf 86' lang='lat'><strong>‚</strong></span> <span class='ocrx_word' id='word_1_26' title='bbox 383 657 655 737; x_wconf 83' lang='lat' dir='ltr'>patientia</span> <span class='ocrx_word' id='word_1_27' title='bbox 757 655 1101 718; x_wconf 85' lang='lat' dir='ltr'>ericulorum</span> <span class='ocrx_word' id='word_1_28' title='bbox 1138 702 1158 732; x_wconf 92' lang='lat'>,</span> <span class='ocrx_word' id='word_1_29' title='bbox 1207 656 1427 740; x_wconf 82' lang='lat' dir='ltr'>Magno</span> <span class='ocrx_word' id='word_1_30' title='bbox 1481 657 1570 720; x_wconf 89' lang='lat' dir='ltr'>illi</span> 
     </span>
     <span class='ocr_line' id='line_1_6' title="bbox 203 679 1567 820; baseline 0.003 -24"><span class='ocrx_word' id='word_1_31' title='bbox 203 734 545 798; x_wconf 78' lang='lat' dir='ltr'>Alexandro</span> <span class='ocrx_word' id='word_1_32' title='bbox 571 781 592 808; x_wconf 86' lang='lat'>,</span> <span class='ocrx_word' id='word_1_33' title='bbox 636 679 752 798; x_wconf 67' lang='lat' dir='ltr'>sed2</span> <span class='ocrx_word' id='word_1_34' title='bbox 775 736 966 798; x_wconf 89' lang='lat' dir='ltr'>sobrio</span> <span class='ocrx_word' id='word_1_35' title='bbox 993 783 1014 813; x_wconf 87' lang='grc'><em>,</em></span> <span class='ocrx_word' id='word_1_36' title='bbox 1057 758 1246 820; x_wconf 84' lang='lat' dir='ltr'>neque</span> <span class='ocrx_word' id='word_1_37' title='bbox 1288 740 1567 800; x_wconf 85' lang='lat' dir='ltr'>iracundo</span> 
     </span>
     <span class='ocr_line' id='line_1_7' title="bbox 205 817 1566 900; baseline 0.003 -24"><span class='ocrx_word' id='word_1_38' title='bbox 205 817 534 876; x_wconf 82' lang='lat' dir='ltr'>simillimus</span> <span class='ocrx_word' id='word_1_39' title='bbox 553 839 573 891; x_wconf 93' lang='lat'>3</span> <span class='ocrx_word' id='word_1_40' title='bbox 601 821 700 897; x_wconf 89' lang='lat' dir='ltr'>qui</span> <span class='ocrx_word' id='word_1_41' title='bbox 725 817 982 900; x_wconf 87' lang='lat' dir='ltr'>denique‘</span> <span class='ocrx_word' id='word_1_42' title='bbox 1006 817 1123 879; x_wconf 85' lang='lat' dir='ltr'>sem</span> <span class='ocrx_word' id='word_1_43' title='bbox 1170 839 1230 879; x_wconf 86' lang='lat' dir='ltr'>er</span> <span class='ocrx_word' id='word_1_44' title='bbox 1262 822 1327 884; x_wconf 87' lang='lat'>&amp;</span> <span class='ocrx_word' id='word_1_45' title='bbox 1360 819 1566 880; x_wconf 88' lang='lat' dir='ltr'>somno</span> 
     </span>
     <span class='ocr_line' id='line_1_8' title="bbox 203 841 1568 980; baseline 0.001 -22"><span class='ocrx_word' id='word_1_46' title='bbox 203 899 274 958; x_wconf 89' lang='lat'>&amp;</span> <span class='ocrx_word' id='word_1_47' title='bbox 309 897 444 960; x_wconf 86' lang='lat' dir='ltr'>cibo</span> <span class='ocrx_word' id='word_1_48' title='bbox 477 899 536 956; x_wconf 87' lang='lat' dir='ltr'>in</span> <span class='ocrx_word' id='word_1_49' title='bbox 568 900 747 958; x_wconf 81' lang='lat' dir='ltr'>vitam</span> <span class='ocrx_word' id='word_1_50' title='bbox 787 921 904 960; x_wconf 89' lang='lat' dir='ltr'>non</span> <span class='ocrx_word' id='word_1_51' title='bbox 943 903 1003 960; x_wconf 87' lang='lat' dir='ltr'>in</span> <span class='ocrx_word' id='word_1_52' title='bbox 1040 841 1400 980; x_wconf 49' lang='lat' dir='ltr'>voluptatem</span> <span class='ocrx_word' id='word_1_53' title='bbox 1440 918 1568 961; x_wconf 86' lang='lat' dir='ltr'>ute·</span> 
     </span>
     <span class='ocr_line' id='line_1_9' title="bbox 203 977 1565 1062; baseline 0.003 -24"><span class='ocrx_word' id='word_1_54' title='bbox 203 995 420 1052; x_wconf 84' lang='lat' dir='ltr'>retur3</span> <span class='ocrx_word' id='word_1_55' title='bbox 471 997 651 1059; x_wconf 87' lang='lat' dir='ltr'>quum</span> <span class='ocrx_word' id='word_1_56' title='bbox 698 977 885 1040; x_wconf 86' lang='lat' dir='ltr'>fuiffet</span> <span class='ocrx_word' id='word_1_57' title='bbox 929 977 1000 1042; x_wconf 82' lang='lat' dir='ltr'>C.</span> <span class='ocrx_word' id='word_1_58' title='bbox 1053 979 1245 1041; x_wconf 83' lang='lat' dir='ltr'>Mario</span> <span class='ocrx_word' id='word_1_59' title='bbox 1297 979 1565 1062; x_wconf 83' lang='lat' dir='ltr'>sanguine</span> 
     </span>
     <span class='ocr_line' id='line_1_10' title="bbox 203 1055 1565 1143; baseline 0.001 -25"><span class='ocrx_word' id='word_1_60' title='bbox 203 1055 702 1138; x_wconf 71' lang='lat' dir='ltr'>conjunffissimus</span> <span class='ocrx_word' id='word_1_61' title='bbox 728 1103 749 1130; x_wconf 95' lang='lat'>‚</span> <span class='ocrx_word' id='word_1_62' title='bbox 787 1079 964 1142; x_wconf 82' lang='lat' dir='ltr'>atque</span> <span class='ocrx_word' id='word_1_63' title='bbox 1015 1059 1175 1120; x_wconf 85' lang='lat' dir='ltr'>idem</span> <span class='ocrx_word' id='word_1_64' title='bbox 1218 1058 1423 1120; x_wconf 82' lang='lat' dir='ltr'>Cinnae</span> <span class='ocrx_word' id='word_1_65' title='bbox 1460 1082 1565 1143; x_wconf 83' lang='lat' dir='ltr'>ge-</span> 
     </span>
     <span class='ocr_line' id='line_1_11' title="bbox 201 1135 1566 1222; baseline 0.003 -24"><span class='ocrx_word' id='word_1_66' title='bbox 201 1159 343 1212; x_wconf 82' lang='lat' dir='ltr'>ner,</span> <span class='ocrx_word' id='word_1_67' title='bbox 373 1135 532 1214; x_wconf 79' lang='lat' dir='ltr'>cujus</span> <span class='ocrx_word' id='word_1_68' title='bbox 568 1137 746 1200; x_wconf 83' lang='lat' dir='ltr'>filiam</span> <span class='ocrx_word' id='word_1_69' title='bbox 779 1158 842 1200; x_wconf 88' lang='lat' dir='ltr'>ut</span> <span class='ocrx_word' id='word_1_70' title='bbox 869 1139 1197 1222; x_wconf 83' lang='lat' dir='ltr'>repudiaret</span> <span class='ocrx_word' id='word_1_71' title='bbox 1223 1141 1383 1201; x_wconf 90' lang='lat' dir='ltr'>nullo</span> <span class='ocrx_word' id='word_1_72' title='bbox 1404 1161 1566 1202; x_wconf 82' lang='lat' dir='ltr'>metu</span> 
     </span>
     <span class='ocr_line' id='line_1_12' title="bbox 203 1219 1563 1303; baseline 0.002 -24"><span class='ocrx_word' id='word_1_73' title='bbox 203 1221 482 1300; x_wconf 87' lang='lat' dir='ltr'>compelli</span> <span class='ocrx_word' id='word_1_74' title='bbox 513 1223 702 1303; x_wconf 81' lang='lat' dir='ltr'>potuit</span> <span class='ocrx_word' id='word_1_75' title='bbox 735 1219 964 1303; x_wconf 83' lang='lat' dir='ltr'>(quum</span> <span class='ocrx_word' id='word_1_76' title='bbox 991 1219 1079 1280; x_wconf 91' lang='lat' dir='ltr'>M.</span> <span class='ocrx_word' id='word_1_77' title='bbox 1110 1219 1234 1283; x_wconf 85' lang='lat' dir='ltr'>Piso</span> <span class='ocrx_word' id='word_1_78' title='bbox 1260 1220 1563 1283; x_wconf 81' lang='lat' dir='ltr'>consularis</span> 
     </span>
     <span class='ocr_line' id='line_1_13' title="bbox 201 1299 1563 1383; baseline 0.002 -22"><span class='ocrx_word' id='word_1_79' title='bbox 201 1299 462 1361; x_wconf 85' lang='lat' dir='ltr'>Anniam</span> <span class='ocrx_word' id='word_1_80' title='bbox 481 1346 501 1375; x_wconf 90' lang='lat'>,</span> <span class='ocrx_word' id='word_1_81' title='bbox 524 1323 652 1383; x_wconf 86' lang='lat' dir='ltr'>quae</span> <span class='ocrx_word' id='word_1_82' title='bbox 673 1299 876 1362; x_wconf 84' lang='lat' dir='ltr'>Cinnae</span> <span class='ocrx_word' id='word_1_83' title='bbox 901 1323 1049 1362; x_wconf 84' lang='lat' dir='ltr'>uxor</span> <span class='ocrx_word' id='word_1_84' title='bbox 1066 1300 1251 1362; x_wconf 78' lang='lat' dir='ltr'>fuerat</span> <span class='ocrx_word' id='word_1_85' title='bbox 1268 1349 1287 1379; x_wconf 89' lang='lat'>‚</span> <span class='ocrx_word' id='word_1_86' title='bbox 1310 1303 1369 1362; x_wconf 88' lang='lat' dir='ltr'>in</span> <span class='ocrx_word' id='word_1_87' title='bbox 1392 1300 1563 1364; x_wconf 79' lang='lat' dir='ltr'>Sullae</span> 
     </span>
     <span class='ocr_line' id='line_1_14' title="bbox 204 1379 1565 1465; baseline 0.004 -24"><span class='ocrx_word' id='word_1_88' title='bbox 204 1379 502 1442; x_wconf 83' lang='lat' dir='ltr'>dimisiss&#39;et</span> <span class='ocrx_word' id='word_1_89' title='bbox 539 1385 773 1464; x_wconf 85' lang='lat' dir='ltr'>gratiam</span> <span class='ocrx_word' id='word_1_90' title='bbox 802 1380 830 1465; x_wconf 93' lang='lat'>)</span> <span class='ocrx_word' id='word_1_91' title='bbox 865 1381 1254 1465; x_wconf 69' lang='lat' dir='ltr'>habuissetque</span> <span class='ocrx_word' id='word_1_92' title='bbox 1282 1382 1417 1444; x_wconf 65' lang='lat' dir='ltr'>‘fere</span> <span class='ocrx_word' id='word_1_93' title='bbox 1460 1407 1565 1446; x_wconf 87' lang='lat' dir='ltr'>oc-</span> 
     </span>
     <span class='ocr_line' id='line_1_15' title="bbox 200 1461 1587 1546; baseline 0.003 -24"><span class='ocrx_word' id='word_1_94' title='bbox 200 1461 464 1522; x_wconf 87' lang='lat' dir='ltr'>todecim</span> <span class='ocrx_word' id='word_1_95' title='bbox 489 1483 668 1524; x_wconf 82' lang='lat' dir='ltr'>annos</span> <span class='ocrx_word' id='word_1_96' title='bbox 695 1483 769 1523; x_wconf 90' lang='lat' dir='ltr'>eo</span> <span class='ocrx_word' id='word_1_97' title='bbox 793 1480 1058 1545; x_wconf 83' lang='lat' dir='ltr'>tempore</span> <span class='ocrx_word' id='word_1_98' title='bbox 1083 1509 1103 1538; x_wconf 90' lang='lat'>,</span> <span class='ocrx_word' id='word_1_99' title='bbox 1145 1485 1262 1546; x_wconf 90' lang='lat' dir='ltr'>quo</span> <span class='ocrx_word' id='word_1_100' title='bbox 1292 1463 1446 1525; x_wconf 85' lang='lat' dir='ltr'>Sulla</span> <span class='ocrx_word' id='word_1_101' title='bbox 1470 1487 1587 1534; x_wconf 43' lang='lat' dir='ltr'>re«</span> 
     </span>
     <span class='ocr_line' id='line_1_16' title="bbox 199 1541 1563 1626; baseline 0.003 -24"><span class='ocrx_word' id='word_1_102' title='bbox 199 1563 336 1602; x_wconf 84' lang='lat' dir='ltr'>rum</span> <span class='ocrx_word' id='word_1_103' title='bbox 381 1544 595 1624; x_wconf 84' lang='lat' dir='ltr'>potitus</span> <span class='ocrx_word' id='word_1_104' title='bbox 641 1541 724 1604; x_wconf 88' lang='lat' dir='ltr'>est</span> <span class='ocrx_word' id='word_1_105' title='bbox 775 1565 798 1618; x_wconf 91' lang='lat'>3</span> <span class='ocrx_word' id='word_1_106' title='bbox 847 1546 1028 1626; x_wconf 87' lang='lat' dir='ltr'>magis</span> <span class='ocrx_word' id='word_1_107' title='bbox 1076 1543 1343 1606; x_wconf 86' lang='lat' dir='ltr'>ministris</span> <span class='ocrx_word' id='word_1_108' title='bbox 1390 1543 1563 1608; x_wconf 76' lang='lat' dir='ltr'>Sullae</span> 
     </span>
     <span class='ocr_line' id='line_1_17' title="bbox 201 1621 1566 1706; baseline 0.003 -24"><span class='ocrx_word' id='word_1_109' title='bbox 201 1621 671 1706; x_wconf 83' lang='lat' dir='ltr'>adjutoribusque</span> <span class='ocrx_word' id='word_1_110' title='bbox 703 1625 946 1704; x_wconf 80' lang='lat' dir='ltr'>partium</span> <span class='ocrx_word' id='word_1_111' title='bbox 969 1669 992 1695; x_wconf 90' lang='lat'>,</span> <span class='ocrx_word' id='word_1_112' title='bbox 1022 1623 1196 1704; x_wconf 62' lang='lat' dir='ltr'>quium</span> <span class='ocrx_word' id='word_1_113' title='bbox 1216 1623 1341 1704; x_wconf 90' lang='lat' dir='ltr'>ipso</span> <span class='ocrx_word' id='word_1_114' title='bbox 1363 1668 1388 1695; x_wconf 89' lang='lat'><em>,</em></span> <span class='ocrx_word' id='word_1_115' title='bbox 1422 1647 1566 1688; x_wconf 82' lang='lat' dir='ltr'>con·</span> 
     </span>
    </p>

    <p class='ocr_par' dir='ltr' id='par_1_4' title="bbox 196 1703 1565 2350">
     <span class='ocr_line' id='line_1_18' title="bbox 249 1703 1563 1780; baseline 0.004 -18"><span class='ocrx_word' id='word_1_116' title='bbox 249 1703 566 1763; x_wconf 85' lang='lat' dir='ltr'>uirentibus</span> <span class='ocrx_word' id='word_1_117' title='bbox 591 1725 721 1773; x_wconf 85' lang='lat' dir='ltr'>eum</span> <span class='ocrx_word' id='word_1_118' title='bbox 749 1705 824 1764; x_wconf 87' lang='lat' dir='ltr'>ad</span> <span class='ocrx_word' id='word_1_119' title='bbox 848 1724 1055 1764; x_wconf 82' lang='lat' dir='ltr'>necem</span> <span class='ocrx_word' id='word_1_120' title='bbox 1078 1749 1099 1774; x_wconf 92' lang='lat'>,</span> <span class='ocrx_word' id='word_1_121' title='bbox 1124 1705 1340 1766; x_wconf 58' lang='lat' dir='ltr'>mutata</span> <span class='ocrx_word' id='word_1_122' title='bbox 1364 1705 1523 1767; x_wconf 85' lang='lat' dir='ltr'>veste</span> <span class='ocrx_word' id='word_1_123' title='bbox 1541 1750 1563 1780; x_wconf 88' lang='lat'><strong>,</strong></span> 
     </span>
     <span class='ocr_line' id='line_1_19' title="bbox 199 1725 1565 1866; baseline 0.002 -23"><span class='ocrx_word' id='word_1_124' title='bbox 199 1725 660 1866; x_wconf 58' lang='lat' dir='ltr'>dissimilemque</span> <span class='ocrx_word' id='word_1_125' title='bbox 701 1783 944 1847; x_wconf 81' lang='lat' dir='ltr'>fortunae</span> <span class='ocrx_word' id='word_1_126' title='bbox 989 1783 1101 1846; x_wconf 87' lang='lat' dir='ltr'>suae</span> <span class='ocrx_word' id='word_1_127' title='bbox 1141 1785 1371 1848; x_wconf 85' lang='lat' dir='ltr'>indutus</span> <span class='ocrx_word' id='word_1_128' title='bbox 1406 1785 1565 1847; x_wconf 81' lang='lat' dir='ltr'>habi-</span> 
     </span>
     <span class='ocr_line' id='line_1_20' title="bbox 200 1862 1562 1950; baseline 0.004 -24"><span class='ocrx_word' id='word_1_129' title='bbox 200 1883 334 1926; x_wconf 84' lang='lat' dir='ltr'>turn</span> <span class='ocrx_word' id='word_1_130' title='bbox 359 1907 382 1937; x_wconf 88' lang='lat'>,</span> <span class='ocrx_word' id='word_1_131' title='bbox 415 1863 584 1926; x_wconf 60' lang='lat' dir='ltr'>nobie</span> <span class='ocrx_word' id='word_1_132' title='bbox 619 1865 781 1926; x_wconf 85' lang='lat' dir='ltr'>Urbe</span> <span class='ocrx_word' id='word_1_133' title='bbox 815 1862 1032 1948; x_wconf 81' lang='lat' dir='ltr'>elapsus</span> <span class='ocrx_word' id='word_1_134' title='bbox 1074 1865 1176 1926; x_wconf 89' lang='lat' dir='ltr'>est.</span> <span class='ocrx_word' id='word_1_135' title='bbox 1210 1865 1374 1928; x_wconf 83' lang='lat' dir='ltr'><strong>Idem</strong></span> <span class='ocrx_word' id='word_1_136' title='bbox 1408 1865 1562 1950; x_wconf 88' lang='lat' dir='ltr'>post·</span> 
     </span>
     <span class='ocr_line' id='line_1_21' title="bbox 201 1943 1559 2030; baseline 0.003 -26"><span class='ocrx_word' id='word_1_137' title='bbox 201 1965 274 2005; x_wconf 82' lang='lat' dir='ltr'>ea</span> <span class='ocrx_word' id='word_1_138' title='bbox 301 1945 618 2006; x_wconf 82' lang='lat' dir='ltr'><strong>admodum</strong></span> <span class='ocrx_word' id='word_1_139' title='bbox 645 1943 870 2026; x_wconf 76' lang='lat' dir='ltr'>juvenis</span> <span class='ocrx_word' id='word_1_140' title='bbox 891 1991 912 2019; x_wconf 86' lang='lat'>‚</span> <span class='ocrx_word' id='word_1_141' title='bbox 949 1967 1128 2029; x_wconf 87' lang='lat' dir='ltr'>quum</span> <span class='ocrx_word' id='word_1_142' title='bbox 1153 1967 1187 2006; x_wconf 84' lang='lat' dir='ltr'>a</span> <span class='ocrx_word' id='word_1_143' title='bbox 1208 1949 1400 2028; x_wconf 85' lang='lat' dir='ltr'>piratis</span> <span class='ocrx_word' id='word_1_144' title='bbox 1424 1969 1559 2030; x_wconf 82' lang='lat' dir='ltr'><strong>cap·</strong></span> 
     </span>
     <span class='ocr_line' id='line_1_22' title="bbox 201 2023 1560 2111; baseline 0.002 -25"><span class='ocrx_word' id='word_1_145' title='bbox 201 2041 299 2087; x_wconf 83' lang='lat' dir='ltr'>tus</span> <span class='ocrx_word' id='word_1_146' title='bbox 334 2023 472 2086; x_wconf 83' lang='lat' dir='ltr'>ess&#39;et</span> <span class='ocrx_word' id='word_1_147' title='bbox 493 2069 512 2099; x_wconf 89' lang='lat'>‚</span> <span class='ocrx_word' id='word_1_148' title='bbox 549 2029 626 2086; x_wconf 84' lang='lat' dir='ltr'>ita</span> <span class='ocrx_word' id='word_1_149' title='bbox 661 2025 720 2087; x_wconf 89' lang='lat' dir='ltr'>se</span> <span class='ocrx_word' id='word_1_150' title='bbox 759 2048 863 2108; x_wconf 86' lang='lat' dir='ltr'>per</span> <span class='ocrx_word' id='word_1_151' title='bbox 899 2047 1076 2087; x_wconf 86' lang='lat' dir='ltr'>omne</span> <span class='ocrx_word' id='word_1_152' title='bbox 1112 2025 1355 2108; x_wconf 82' lang='lat' dir='ltr'>spatium</span> <span class='ocrx_word' id='word_1_153' title='bbox 1379 2072 1401 2102; x_wconf 89' lang='lat'><strong>,</strong></span> <span class='ocrx_word' id='word_1_154' title='bbox 1439 2051 1560 2111; x_wconf 88' lang='lat' dir='ltr'>quo</span> 
     </span>
     <span class='ocr_line' id='line_1_23' title="bbox 196 2105 1561 2190; baseline 0.002 -24"><span class='ocrx_word' id='word_1_155' title='bbox 196 2105 278 2166; x_wconf 81' lang='lat' dir='ltr'>ab</span> <span class='ocrx_word' id='word_1_156' title='bbox 317 2108 398 2166; x_wconf 88' lang='lat' dir='ltr'>eis</span> <span class='ocrx_word' id='word_1_157' title='bbox 435 2123 690 2167; x_wconf 85' lang='lat' dir='ltr'>retentus</span> <span class='ocrx_word' id='word_1_158' title='bbox 725 2106 809 2167; x_wconf 88' lang='lat' dir='ltr'>est</span> <span class='ocrx_word' id='word_1_159' title='bbox 841 2152 861 2181; x_wconf 90' lang='lat'>,</span> <span class='ocrx_word' id='word_1_160' title='bbox 899 2107 1052 2188; x_wconf 87' lang='lat' dir='ltr'>apud</span> <span class='ocrx_word' id='word_1_161' title='bbox 1102 2127 1206 2167; x_wconf 84' lang='lat' dir='ltr'>eos</span> <span class='ocrx_word' id='word_1_162' title='bbox 1242 2111 1415 2190; x_wconf 86' lang='lat' dir='ltr'>gessit</span> <span class='ocrx_word' id='word_1_163' title='bbox 1437 2154 1457 2182; x_wconf 88' lang='lat'>,</span> <span class='ocrx_word' id='word_1_164' title='bbox 1496 2125 1561 2169; x_wconf 84' lang='lat' dir='ltr'>ut</span> 
     </span>
     <span class='ocr_line' id='line_1_24' title="bbox 199 2187 1561 2281; baseline 0.001 -35"><span class='ocrx_word' id='word_1_165' title='bbox 199 2187 417 2268; x_wconf 85' lang='lat' dir='ltr'>pariter</span> <span class='ocrx_word' id='word_1_166' title='bbox 444 2188 512 2246; x_wconf 87' lang='lat' dir='ltr'>iis</span> <span class='ocrx_word' id='word_1_167' title='bbox 538 2189 746 2247; x_wconf 89' lang='lat' dir='ltr'>terrori</span> <span class='ocrx_word' id='word_1_168' title='bbox 771 2189 1249 2281; x_wconf 74' lang='lat' dir='ltr'>venerationique</span> <span class='ocrx_word' id='word_1_169' title='bbox 1271 2187 1407 2248; x_wconf 73' lang='lat' dir='ltr'>ess’et</span> <span class='ocrx_word' id='word_1_170' title='bbox 1428 2210 1561 2262; x_wconf 86' lang='lat' dir='ltr'>3ne-</span> 
     </span>
     <span class='ocr_line' id='line_1_25' title="bbox 199 2265 1559 2350; baseline 0.001 -24"><span class='ocrx_word' id='word_1_171' title='bbox 199 2287 320 2350; x_wconf 87' lang='lat' dir='ltr'>que</span> <span class='ocrx_word' id='word_1_172' title='bbox 343 2287 618 2350; x_wconf 85' lang='lat' dir='ltr'>umquam</span> <span class='ocrx_word' id='word_1_173' title='bbox 651 2284 754 2328; x_wconf 77' lang='lat' dir='ltr'>aut</span> <span class='ocrx_word' id='word_1_174' title='bbox 777 2265 947 2328; x_wconf 66' lang='lat' dir='ltr'>noae</span> <span class='ocrx_word' id='word_1_175' title='bbox 981 2283 1079 2326; x_wconf 83' lang='lat' dir='ltr'>aut</span> <span class='ocrx_word' id='word_1_176' title='bbox 1110 2267 1205 2326; x_wconf 77' lang='lat' dir='ltr'>die</span> <span class='ocrx_word' id='word_1_177' title='bbox 1229 2265 1375 2350; x_wconf 87' lang='lat' dir='ltr'>(cur</span> <span class='ocrx_word' id='word_1_178' title='bbox 1404 2271 1559 2328; x_wconf 84' lang='lat' dir='ltr'>enim</span> 
     </span>
    </p>

    <p class='ocr_par' dir='ltr' id='par_1_5' title="bbox 191 2345 1562 2828">
     <span class='ocr_line' id='line_1_26' title="bbox 243 2345 1561 2421; baseline 0.002 -15"><span class='ocrx_word' id='word_1_179' title='bbox 243 2347 367 2407; x_wconf 91' lang='lat' dir='ltr'>uod</span> <span class='ocrx_word' id='word_1_180' title='bbox 402 2347 502 2409; x_wconf 86' lang='lat' dir='ltr'>vel</span> <span class='ocrx_word' id='word_1_181' title='bbox 535 2350 850 2408; x_wconf 81' lang='lat' dir='ltr'>maximum</span> <span class='ocrx_word' id='word_1_182' title='bbox 883 2345 966 2408; x_wconf 89' lang='lat' dir='ltr'>est</span> <span class='ocrx_word' id='word_1_183' title='bbox 991 2391 1012 2421; x_wconf 87' lang='lat'><strong>,</strong></span> <span class='ocrx_word' id='word_1_184' title='bbox 1046 2348 1095 2407; x_wconf 88' lang='lat' dir='ltr'>si</span> <span class='ocrx_word' id='word_1_185' title='bbox 1128 2351 1335 2408; x_wconf 83' lang='lat' dir='ltr'>narrari</span> <span class='ocrx_word' id='word_1_186' title='bbox 1370 2350 1561 2410; x_wconf 81' lang='lat' dir='ltr'>verbis</span> 
     </span>
     <span class='ocr_line' id='line_1_27' title="bbox 197 2370 1561 2510; baseline 0.001 -22"><span class='ocrx_word' id='word_1_187' title='bbox 197 2370 474 2510; x_wconf 58' lang='lat' dir='ltr'>?peciosis</span> <span class='ocrx_word' id='word_1_188' title='bbox 488 2440 606 2490; x_wconf 80' lang='lat' dir='ltr'>non</span> <span class='ocrx_word' id='word_1_189' title='bbox 666 2427 814 2490; x_wconf 84' lang='lat' dir='ltr'>otest</span> <span class='ocrx_word' id='word_1_190' title='bbox 834 2473 858 2502; x_wconf 86' lang='lat'>,</span> <span class='ocrx_word' id='word_1_191' title='bbox 875 2427 1206 2491; x_wconf 84' lang='lat' dir='ltr'>omittatur?</span> <span class='ocrx_word' id='word_1_192' title='bbox 1222 2425 1357 2510; x_wconf 82' lang='lat' dir='ltr'>)aut</span> <span class='ocrx_word' id='word_1_193' title='bbox 1373 2430 1561 2490; x_wconf 83' lang='lat' dir='ltr'>excal-</span> 
     </span>
     <span class='ocr_line' id='line_1_28' title="bbox 196 2451 1562 2592; baseline 0 -22"><span class='ocrx_word' id='word_1_194' title='bbox 196 2517 464 2570; x_wconf 77' lang='lat' dir='ltr'>cearetur</span> <span class='ocrx_word' id='word_1_195' title='bbox 482 2525 580 2569; x_wconf 85' lang='lat' dir='ltr'>aut</span> <span class='ocrx_word' id='word_1_196' title='bbox 611 2451 1016 2592; x_wconf 67' lang='lat' dir='ltr'>Xiscingeretur</span> <span class='ocrx_word' id='word_1_197' title='bbox 1040 2531 1063 2585; x_wconf 91' lang='lat'>3</span> <span class='ocrx_word' id='word_1_198' title='bbox 1085 2511 1145 2568; x_wconf 88' lang='lat' dir='ltr'>in</span> <span class='ocrx_word' id='word_1_199' title='bbox 1172 2509 1285 2573; x_wconf 87' lang='lat' dir='ltr'>hoc</span> <span class='ocrx_word' id='word_1_200' title='bbox 1310 2509 1519 2572; x_wconf 87' lang='lat' dir='ltr'>scilicet</span> <span class='ocrx_word' id='word_1_201' title='bbox 1535 2557 1562 2586; x_wconf 76' lang='grc'>,,</span> 
     </span>
     <span class='ocr_line' id='line_1_29' title="bbox 195 2587 1557 2672; baseline 0.001 -22"><span class='ocrx_word' id='word_1_202' title='bbox 195 2609 277 2650; x_wconf 87' lang='lat' dir='ltr'>ne</span> <span class='ocrx_word' id='word_1_203' title='bbox 324 2590 372 2650; x_wconf 84' lang='lat' dir='ltr'>si</span> <span class='ocrx_word' id='word_1_204' title='bbox 409 2590 644 2672; x_wconf 82' lang='lat' dir='ltr'>quando</span> <span class='ocrx_word' id='word_1_205' title='bbox 691 2590 907 2672; x_wconf 83' lang='lat' dir='ltr'>aliquid</span> <span class='ocrx_word' id='word_1_206' title='bbox 948 2611 1021 2652; x_wconf 82' lang='lat' dir='ltr'>ex</span> <span class='ocrx_word' id='word_1_207' title='bbox 1064 2587 1236 2652; x_wconf 85' lang='lat' dir='ltr'>solito</span> <span class='ocrx_word' id='word_1_208' title='bbox 1270 2592 1515 2652; x_wconf 82' lang='lat' dir='ltr'>variaret</span> <span class='ocrx_word' id='word_1_209' title='bbox 1538 2637 1557 2663; x_wconf 90' lang='lat'><strong>,</strong></span> 
     </span>
     <span class='ocr_line' id='line_1_30' title="bbox 191 2667 1559 2812; baseline 0.004 -82"><span class='ocrx_word' id='word_1_210' title='bbox 191 2667 488 2812; x_wconf 48' lang='lat' dir='ltr'>suissestus</span> <span class='ocrx_word' id='word_1_211' title='bbox 513 2670 584 2730; x_wconf 86' lang='lat' dir='ltr'>iis</span> <span class='ocrx_word' id='word_1_212' title='bbox 609 2714 628 2740; x_wconf 91' lang='lat'>,</span> <span class='ocrx_word' id='word_1_213' title='bbox 701 2673 758 2730; x_wconf 89' lang='lat' dir='ltr'>ui</span> <span class='ocrx_word' id='word_1_214' title='bbox 789 2671 974 2734; x_wconf 82' lang='lat' dir='ltr'>oculis</span> <span class='ocrx_word' id='word_1_215' title='bbox 997 2673 1398 2735; x_wconf 82' lang='lat' dir='ltr'>tantummodo</span> <span class='ocrx_word' id='word_1_216' title='bbox 1425 2693 1559 2736; x_wconf 86' lang='lat' dir='ltr'>eum</span> 
     </span>
     <span class='ocr_line' id='line_1_31' title="bbox 191 2749 846 2828; baseline 0.003 -14"><span class='ocrx_word' id='word_1_217' title='bbox 191 2772 272 2814; x_wconf 89' lang='lat' dir='ltr'>cu</span> <span class='ocrx_word' id='word_1_218' title='bbox 325 2749 642 2828; x_wconf 81' lang='lat' dir='ltr'>odiebant,</span> <span class='ocrx_word' id='word_1_219' title='bbox 699 2767 846 2816; x_wconf 84' lang='lat' dir='ltr'>oret.</span> 
     </span>
    </p>
   </div>
  </div>
 </body>
</html>
