2067 3667
543 323 680 416 146
783 323 855 393 C.
911 327 1177 392 VELL.
1226 280 1635 393 Parme}

423 455 431 461 “
530 448 742 506 itinere
764 489 784 518 ,
825 441 987 524 cujus
1031 437 1339 502 difficultas
1384 443 1598 501 narrari
1635 435 1739 503 vii:
1774 433 1895 526 'pe-i

531 525 646 588 test
669 569 692 597 ,
728 541 790 586 ut
823 543 1016 607 neque
1050 520 1351 583 universos
1382 521 1680 605 quisquam
1716 527 1895 586 aude·-

535 623 628 667 ret
644 607 911 689 aggredi,
934 606 998 666 &
1017 620 1243 685 partem
1267 603 1742 685 digredientium,
1770 605 1901 666 suo-⁸

533 708 668 748 rum
711 684 950 768 quisque
988 702 1151 746 metu
1191 681 1435 758 finium,
1467 687 1724 746 universi
1770 703 1898 748 ten-

532 785 656 831 tare
692 787 812 828 non
847 763 1076 850 poss’ent
1098 809 1118 839 ,
1148 767 1374 840 remisit
1404 767 1479 826 eb
1516 767 1673 832 unde
1713 767 1901 829 vene-³

537 865 710 924 rant3
738 849 846 916 &i
892 845 950 908 se
984 846 1306 929 asperrimae
1337 847 1573 929 hyemis
1606 849 1771 910 initio
1799 869 1899 909 re-

579 925 755 991 ress'us
791 870 1061 996 Sifciam,
1098 929 1365 1011 legatos,
1403 930 1741 1012 inter-quos
1783 931 1898 1012 ipsi

535 951 754 1075 {simus
777 1054 796 1082 ‚
877 1011 1055 1071 artitis
1091 1009 1351 1092 praefecit
1384 1009 1681 1092 hybernis,

621 1091 786 1155 CXI
858 1136 874 1152 .
905 1091 970 1154 O
1001 1111 1129 1152 rem
1161 1091 1313 1151 dffiu
1348 1111 1467 1152 non
1508 1094 1905 1165 eminentem,'

536 1171 640 1234 sed
681 1172 860 1234 solida
894 1172 1154 1253 veraque
1188 1175 1403 1233 virtute
1442 1189 1615 1254 atque
1654 1175 1901 1236 utilitate

541 1257 853 1316 maximam
878 1299 895 1323 ,
934 1253 1291 1333 experientia
1323 1251 1712 1314 suavissimam
1738 1302 1757 1330 ,
1792 1257 1900 1316 hu·

540 1338 813 1397 manitate
839 1333 1182 1414 singularem
1211 1334 1229 1394 ξ
1257 1333 1369 1394 Per
1391 1337 1565 1396 omne
1587 1336 1725 1396 belli
1747 1336 1899 1398 Ger*

539 1417 750 1478 manici
781 1413 1210 1496 Pannonicique
1238 1429 1464 1496 tempus
1484 1461 1503 1487 ,
1535 1437 1711 1480 nemo
1736 1441 1769 1480 e
1793 1439 1901 1480 no-

539 1495 632 1558 bis
654 1542 674 1572 ,
739 1493 1015 1557 radumve
1040 1494 1299 1556 nostrum
1318 1515 1417 1557 aut
1440 1500 1899 1579 praecedentibus

540 1587 642 1640 aut
685 1515 1058 1659 {gequentihus
1090 1618 1110 1649 ‚
1152 1579 1477 1639 imbecillus
1520 1578 1627 1640 fuit
1666 1624 1685 1654 ,
1737 1578 1899 1660 cujus

539 1659 690 1722 salus
743 1679 810 1720 ac
862 1658 1144 1721 valetudo
1197 1679 1317 1719 non
1364 1661 1444 1719 ita
1500 1659 1901 1722 sustentaretur

541 1737 790 1802 Caesaris
811 1739 950 1800 curii
965 1786 988 1812 ,
1013 1757 1308 1821 tamquam
1331 1739 1773 1802 distraffissimus
1800 1743 1903 1804 ille

541 1839 839 1894 tantorum
879 1841 1124 1882 onerum
1159 1822 1318 1881 mole
1353 1822 1485 1882 huic
1523 1825 1621 1883 uni
1660 1826 1901 1904 negotio

545 1917 781 1964 vacaret
813 1903 1055 1962 animus.
1088 1901 1227 1962 Erat
1257 1901 1709 1965 desiderantibus
1737 1925 1905 1986 para-

510 1993 515 1998 ’
543 1997 673 2055 tum
708 1981 966 2064 inuitum
996 1982 1374 2056 vehiculum3
1411 1983 1606 2044 leffica
1636 1984 1761 2066 ejus
1792 2007 1907 2067 pu·-

545 2061 758 2127 blicata
780 2112 796 2135 ‚
832 2061 992 2146 cujus
1033 2063 1196 2125 usum
1235 2083 1415 2146 quum
1452 2065 1590 2140 alii,
1625 2083 1749 2132 tum
1786 2087 1906 2150 ego

548 2145 718 2208 sensi.
763 2145 889 2208 Jam
929 2145 1142 2205 medici
1172 2191 1213 2219 ,‚
1240 2143 1357 2224 jam
1399 2163 1697 2228 apparatus
1736 2150 1909 2222 ·cibi‚‘

547 2225 668 2311 j'arn
701 2229 761 2287 in
791 2227 907 2288 hoc
935 2224 1123 2288 solima
1158 2228 1533 2306 importatum
1556 2225 1913 2290 instrument-³

549 2310 676 2370 mm
707 2309 960 2381 balinei,
989 2308 1197 2366 nullius
1228 2315 1348 2367 non
1376 2306 1645 2366 succurrit
1672 2309 1909 2371 valeta-³

549 2389 690 2450 dini.
715 2386 951 2448 Dorrius
975 2389 1198 2446 tamtum
1218 2407 1282 2444 ac
1308 2385 1606 2446 domestici
1626 2387 1903 2466 deerant3

548 2469 810 2540 ceterum
847 2466 983 2525 nihil
1006 2510 1024 2537 ‚
1062 2466 1223 2547 quod
1260 2466 1331 2526 ab
1363 2466 1469 2525 illis
1509 2483 1605 2527 aut
1648 2471 1905 2552 praestari

553 2566 655 2610 aut
711 2546 1026 2609 desiderari
1079 2544 1283 2628 poss'et.
1338 2545 1634 2625 Adjicitur:⁸
1692 2552 1835 2612 illud
1870 2585 1901 2627 ·,

553 2629 716 2714 quod
735 2674 756 2705 ‚
795 2625 1043 2714 quisquis
1082 2627 1190 2688 inis
1218 2629 1577 2712 temporibus
1608 2632 1860 2708 interfuit
1878 2675 1899 2706 ,

550 2717 617 2772 tit
648 2711 758 2774 alia
793 2729 922 2794 quae
951 2711 1159 2784 retuli,
1193 2709 1465 2796 agnoscet
1496 2709 1765 2793 protinus.
1789 2709 1903 2772 So-

549 2791 653 2862 lns‘
670 2789 895 2880 semper
913 2813 1069 2880 equo
1092 2792 1288 2860 vetans
1320 2791 1442 2874 est3
1464 2793 1613 2860 solus
1636 2813 1765 2859 cum
1788 2793 1898 2866 iis,
