2067 3667
400 329 1178 398 ·LIBERIV.
1399 321 1533 424 167

172 446 246 504 tis
293 444 550 526 perculit.
576 441 743 505 ‘Nam
786 447 843 508 hi
876 447 1019 506 dum
1067 445 1123 506 se
1167 463 1366 529 putant
1402 471 1533 509 vm·

174 546 309 585 cere
328 570 353 597 ,
401 523 605 584 fortius
642 523 850 607 sequi3
893 527 1230 608 Pompeiani
1267 528 1405 588 dum
1443 530 1532 590 fu·-

216 625 315 666 ere
374 605 617 667 credunt
680 604 812 666 suos
856 651 875 677 ,
940 607 1144 691 fugere
1209 626 1532 690 coeperunt.

250 703 421 745 uanta
462 685 634 745 fuerit
688 684 939 747 hostium
984 689 1181 749 coedes
1212 735 1232 764 ,
1279 693 1361 749 ira
1387 736 1405 760 ,
1444 713 1534 755 ra-

174 765 415 847 biesque
467 765 781 826 viEioribus
811 815 830 838 ,
883 772 960 828 sic
1009 769 1271 830 aestimari
1319 770 1535 851 potest.

178 847 317 907 Hoc
356 867 389 906 a
423 846 632 926 proelio
669 847 900 930 profugi·
936 871 1114 930 quum
1152 849 1210 910 se
1245 850 1532 913 Mundam

176 925 515 1008 recepissent
534 972 553 1000 ‚
594 929 661 989 &
690 926 883 990 Caesar
911 931 1166 991 obsideri
1203 930 1386 991 statim
1419 935 1536 992 vic·

177 1026 282 1068 rosi
309 1007 635 1088 imperasset
658 1054 679 1078 ,
708 1008 990 1092 congestis
1026 1011 1404 1072 cadaveribus
1438 1033 1536 1094 ag·
1563 1080 1565 1082 ,

220 1110 285 1150 er
307 1087 539 1148 effeffis
574 1088 693 1164 est,
726 1111 854 1170 quae
892 1091 1017 1170 pilis
1053 1089 1358 1173 jaculisque
1400 1113 1535 1152 con·

178 1109 299 1230 {xa
327 1172 475 1236 inter
510 1167 567 1230 se
594 1170 933 1231 tenebantur
959 1194 973 1232 ε
1004 1170 1230 1232 foedum
1255 1175 1428 1232 etiam
1457 1175 1568 1232 iri-⁹

179 1267 273 1312 ter
328 1250 601 1310 barbaros
652 1252 668 1311 Ξ
723 1249 839 1312 Sed
896 1253 1174 1313 videlicet
1229 1252 1532 1314 viRoriam

181 1329 613 1412 desperantibus
670 1330 931 1413 Pompeii
983 1333 1178 1393 liberis
1217 1377 1235 1402 ,
1288 1331 1534 1394 Cnaeum

180 1411 395 1494 proelio
439 1411 747 1494 profugum
768 1457 789 1487 ‚
832 1433 997 1474 crure
1037 1410 1226 1474 saucio
1253 1457 1271 1482 ,
1310 1412 1572 1488 deserta,

182 1495 253 1554 &
308 1494 443 1552 avia>
474 1509 770 1572 petentem
799 1537 821 1566 ‚
868 1490 1153 1554 Cesonius
1193 1494 1345 1575 apud
1393 1493 1540 1554 Lau·

182 1593 393 1634 ronem
424 1572 706 1653 oppidum
735 1572 1160 1654 consequutus,
1188 1593 1537 1655 pugnantem

184 1651 405 1794 §adeo
454 1653 717 1714 nondum
772 1652 1170 1736 desperabat)
1231 1653 1538 1716 interfecit.

230 1751 431 1794 extum
484 1733 715 1794 fortuna
767 1735 825 1793 in
878 1732 1254 1796 Celtiberiam
1307 1737 1540 1796 interim

186 1813 485 1874 abscondit
530 1837 549 1889 3
596 1813 827 1896 aliisque
873 1814 1003 1896 post
1043 1815 1332 1878 Caesarern
1372 1817 1540 1876 bellis

188 1894 523 1956 reservavit.
564 1893 757 1956 Caesar
788 1897 847 1954 in
882 1898 1122 1976 patriam
1154 1895 1338 1958 vietor
1375 1899 1541 1958 inve·

187 1977 359 2036 bitur.
394 1975 649 2036 Primum
686 1975 761 2038 de
792 1973 983 2036 Gallia
1010 1977 1366 2059 triumphum
1397 1976 1542 2038 tans-

187 2056 415 2118 miserat
449 2056 687 2116 Rhenus
727 2098 747 2130 ,
790 2055 1106 2118 Rhodanus
1126 2101 1147 2131 ‚
1187 2059 1253 2120 &
1289 2077 1363 2118 ex
1399 2079 1542 2118 auro

188 2139 457 2220 captivus
480 2135 775 2198 Oceanus,
795 2135 999 2198 Altera
1018 2138 1207 2199 laurus
1233 2138 1540 2220 AEgyptia:

186 2233 335 2280 tunc*
378 2219 437 2276 in
486 2217 713 2286 ferculis
749 2215 917 2278 Nilus
948 2261 969 2291 ,
1021 2217 1272 2279 Arsinoe
1304 2263 1324 2292 ‚
1365 2221 1430 2280 &
1467 2218 1541 2278 ad
1639 2229 1660 2268 ι’

192 2298 566 2360 simulacrum
608 2299 827 2380 ignium
870 2299 1077 2361 ardens
1121 2298 1352 2360 Pharus.
1401 2298 1548 2359 Ter-

192 2382 311 2440 tius
334 2379 409 2441 de
432 2379 719 2439 Pharnace
742 2383 939 2440 currus
962 2423 987 2452 ,
1018 2381 1086 2440 &
1114 2378 1322 2441 Ponto,
1351 2377 1547 2458 Quar-

192 2477 291 2521 tus
324 2459 529 2521 Jubam
574 2461 641 2520 &
682 2459 923 2520 Mauros
960 2505 979 2530 ,
1032 2460 1099 2521 &
1138 2461 1224 2520 bis
1265 2458 1547 2520 subaeiam

194 2535 543 2602 ostendebat
562 2539 677 2600 His
710 2541 915 2602 aniam.
940 2539 1242 2613 Pharsalia,
1268 2543 1333 2602 &
1357 2540 1548 2622 Thap-

197 2620 294 2712 sos
323 2665 345 2694 ‚
386 2623 453 2684 δι
490 2563 713 2681 Mundi}
744 2619 1040 2702 nusquam.
1075 2620 1396 2717 Ettquantb
1433 2643 1552 2680 rna-

222 2721 327 2761 ora
357 2719 519 2763 erant
535 2744 557 2773 ‚
594 2699 911 2782 dequibus
946 2723 1068 2762 non
1101 2701 1486 2783 triumphabat
1531 2703 1549 2762 l

194 2723 319 2844 hic
368 2782 677 2868 aliquando
730 2780 859 2846 finis
912 2784 1083 2844 armis
1135 2781 1260 2848 fuit.
1309 2781 1555 2866 Reliqua
