2067 3667
470 258 560 327 14
703 237 782 307 L.
834 238 1209 308 Anu-221
1259 239 1569 308 From

460 354 661 438 Spolia
703 354 928 437 insuper
974 358 1172 440 opima
1209 356 1283 417 de
1329 377 1468 441 rege
1495 404 1514 428 ,
1557 354 1832 419 Feretrio

461 438 597 502 Iovi
638 439 898 498 manibus
932 436 1042 498 suis
1083 460 1186 499 rex
1224 440 1560 520 reportavit.
1599 436 1830 500 Sabinis

502 518 708 579 ,roditae
747 538 929 601 portae
970 540 1078 599 per.
1111 521 1398 601 virginem
1435 542 1450 580 ε
1491 540 1600 579 nec
1628 520 1779 581 'dolo
1805 542 1830 582 ε

462 540 564 659 fed
638 601 788 660 uella
820 602 1070 681 pretium
1102 603 1222 672 rei,
1257 622 1428 681 quam
1465 601 1742 683 gerebant
1763 603 1826 662 in

462 622 697 740 siniliiis
723 726 747 751 ,
792 684 1034 761 petierat
1073 703 1088 740 t
1137 680 1376 741 dubium
1419 680 1708 763 clypeos,
1751 702 1828 741 an

463 761 731 821 armillas.
759 760 851 822 Illi
888 778 951 821 ut
983 763 1050 823 δι
1077 758 1258 822 fidem
1285 760 1614 835 solverent,
1648 764 1712 825 &
1741 762 1832 821 ul·

462 840 843 913 ciscerentur,
880 844 981 924 cly
1025 844 1108 902 eis
1143 842 1408 903 obruere.
1441 841 1530 903 Ita
1561 842 1828 905 admissis

462 924 611 983 intra
642 925 863 983 moenia
900 925 979 983 ho
1029 924 1154 983 ibus
1179 969 1198 998 ‚
1233 941 1398 983 atrox
1433 926 1492 983 in
1533 923 1654 1006 ipso
1691 924 1826 985 foro

463 1023 697 1085 pugna,
736 1005 885 1065 adeo
919 1022 983 1063 ut
1012 1004 1298 1064 Romulus
1335 1004 1548 1065 Jovem
1587 1022 1777 1065 oraret
1803 997 1858 1078 ‚‘

463 1100 530 1145 ut
580 1084 801 1144 foedam
853 1085 1082 1145 suorum
1135 1085 1330 1167 fugam
1379 1084 1618 1145 sisteret.
1669 1086 1824 1147 Hinc

463 1165 749 1246 templum
786 1168 851 1226 &
896 1166 1089 1225 Stator
1125 1166 1361 1245 Jupiter.
1407 1165 1678 1225 Tandem
1720 1161 1822 1225 sae‘-

460 1245 747 1306 vientibus
778 1246 1141 1305 intervenere
1177 1264 1352 1327 raptae
1385 1247 1585 1307 laceris
1621 1250 1824 1306 comis.

462 1323 557 1385 Sic
592 1348 702 1407 pax
743 1326 885 1385 facia
924 1348 1056 1386 cum
1092 1325 1266 1386 Tatio
1291 1372 1310 1401 ‚
1347 1324 1646 1408 foedusque
1684 1348 1822 1409 per-

462 1405 677 1466 cuffum
712 1428 727 1467 ε
760 1406 1066 1489 secutaque
1103 1428 1194 1467 res
1227 1410 1374 1467 mira
1407 1406 1554 1467 dieta
1581 1452 1600 1481 ,
1627 1424 1691 1467 ut
1730 1428 1826 1467 re·-

463 1486 609 1547 liais
641 1485 871 1547 sedibus
904 1487 1015 1547 suis
1053 1508 1271 1547 novam
1303 1490 1362 1547 in
1397 1489 1601 1547 urbem
1625 1487 1824 1549 hostes

464 1568 856 1651 demigrarent
886 1612 906 1641 ‚
940 1570 1003 1630 &
1043 1590 1176 1629 cum
1217 1572 1444 1651 generis
1486 1568 1596 1627 suis
1639 1572 1822 1629 avitae

466 1670 503 1709 0
550 1671 611 1710 es
644 1671 753 1730 pro
795 1650 933 1710 dote
968 1649 1270 1710 sociarent.
1309 1648 1506 1711 Au&is
1542 1650 1706 1711 brevi
1735 1651 1824 1709 vi-

464 1672 619 1789 rissus
640 1776 659 1803 ‚
691 1732 842 1789 hunc
875 1751 978 1790 rex
1008 1730 1456 1811 sapientissimus
1479 1728 1686 1790 statum
1709 1732 1824 1790 rei-2

508 1810 711 1871 ublicae
746 1810 1015 1891 imposuit
1047 1832 1060 1872 :
1092 1810 1360 1889 juventus
1383 1810 1566 1872 divisa
1589 1832 1694 1890 per
1719 1813 1822 1870 tri-

463 1832 573 1949 Eus
594 1936 612 1965 ,
644 1894 703 1950 in
739 1893 901 1973 equis
937 1894 999 1952 &
1033 1894 1202 1951 armis
1229 1935 1248 1965 ‚
1278 1908 1338 1951 ut
1371 1892 1442 1950 ad
1469 1890 1646 1950 subita
1681 1891 1820 1951 belli

466 1973 773 2031 excubaret
798 1995 814 2034 ι
842 1973 1148 2033 consilium
1179 1971 1506 2053 reipublicae
1536 1992 1718 2052 penes
1741 1970 1823 2033 se-

462 2073 567 2113 nes
612 2051 792 2122 esset,
837 2056 935 2134 qui
975 2076 1047 2114 ex
1093 2052 1421 2113 auctoritate
1467 2054 1700 2124 Patres,
1741 2053 1820 2113 oh

462 2150 691 2195 atatem
726 2138 961 2194 Senatus
994 2136 1368 2195 vocabantur.
1403 2134 1509 2193 His
1543 2137 1624 2193 ita
1666 2134 1824 2193 ordi-

462 2216 605 2275 natis
625 2259 643 2288 ‚
680 2216 919 2295 repente
946 2258 965 2287 ‚
994 2236 1175 2295 quum
1207 2217 1550 2275 concionem
1582 2214 1821 2277 haberet

462 2313 593 2355 ante
645 2295 850 2356 urbem
898 2296 1050 2375 apud
1107 2294 1348 2376 Capreae
1398 2294 1666 2375 paludem
1707 2339 1724 2362 ,
1785 2316 1819 2355 e

462 2374 771 2457 conspectu
814 2376 1029 2436 ablatus
1085 2374 1186 2435 est.
1225 2374 1594 2455 Discerptum
1639 2374 1818 2455 aliqui

462 2478 497 2517 a
552 2455 745 2518 senatu
786 2472 989 2537 putant
1043 2456 1120 2514 ob
1169 2453 1416 2536 asperius
1465 2456 1758 2537 ingenium
1790 2476 1816 2517 ,τ

458 2534 559 2597 sed
632 2538 841 2597 oborta
906 2534 1212 2616 tempestas
1261 2534 1500 2618 solisque
1565 2534 1814 2598 defectio

458 2617 899 2677 consecrationis
920 2612 1167 2697 speciem
1197 2614 1495 2699 praebnere
1519 2638 1534 2675 z
1563 2620 1656 2677 cui
1675 2638 1814 2677 mox

458 2698 637 2763 Julius
684 2697 1183 2762 Pronurus-fidem
1213 2698 1364 2761 -fecit
1386 2742 1406 2777 ‚
1447 2696 1638 2763 visum
1667 2718 1710 2760 a
1751 2696 1812 2760 se
