2067 3667
503 297 638 376 128
745 302 816 372 C.
873 305 1142 371 Vsu..
1196 301 1601 372 PATEnc.

487 422 553 482 in
582 419 892 482 Germania
918 420 1110 482 clades
1142 417 1242 482 sub
1274 420 1463 502 legato
1492 418 1583 482 Μ.
1606 419 1843 490 Lollio‚'

492 503 728 562 homine
762 504 822 562 in
855 504 1051 562 omnia
1082 502 1343 583 pecuniae
1376 499 1549 582 quem
1582 500 1733 562 τεᾶὲ
1764 499 1844 559 fa-

491 584 682 642 ciendi
713 583 1059 664 cupidiore,
1080 583 1147 643 &
1179 583 1328 642 inter
1363 580 1642 641 summam
1670 584 1844 643 vitio-

491 683 620 722 rum
658 661 1177 723 dissimulationem
1212 663 1587 723 vitiosissimo
1616 683 1636 735 ;
1674 660 1848 721 anus-

493 740 662 822 saque
709 741 954 824 legionis
1005 743 1221 824 quintae
1263 742 1449 822 aquila
1494 744 1729 804 vocavit
1774 741 1843 800 ab

436 837 444 842 “
490 822 654 882 Urbe
695 824 757 882 in
801 821 1022 885 Gallias
1074 819 1384 882 Caesarem.
1432 819 1589 882 Cura
1636 822 1843 884 deinde

493 921 666 984 atque
687 923 834 963 onus
853 902 1188 966 Germanici
1209 902 1352 963 belli
1372 901 1633 984 delegata
1651 901 1843 962 Druso

495 981 745 1052 Claudio
777 1027 796 1056 ‚
834 981 992 1045 fratri
1029 982 1280 1044 Neronis
1312 1025 1332 1056 ‚
1376 981 1721 1044 adolescenti
1759 999 1846 1042 tot

493 1078 892 1146 tantarumque
934 1066 1209 1125 virtutum
1245 1108 1265 1137 ‚
1312 1081 1457 1144 quot
1504 1065 1567 1124 &
1612 1081 1846 1144 quantas

493 1162 695 1203 natura
731 1143 989 1205 mortalis
1022 1146 1263 1225 recipit,
1287 1143 1387 1204 vel
1420 1140 1688 1203 industria
1718 1165 1847 1223 per-

496 1221 616 1284 ficit
637 1243 658 1294 ;
682 1221 840 1303 cujus
872 1226 1169 1306 ingenium
1200 1241 1389 1284 utrum
1418 1223 1645 1284 bellicis
1671 1225 1853 1305 magis

495 1304 770 1384 operibus
795 1348 818 1378 ,
855 1325 928 1366 an
973 1303 1237 1363 civilibus
1273 1301 1555 1366 suffecerit
1594 1305 1806 1364 artibus
1829 1346 1851 1376 ,

495 1385 555 1442 in
595 1385 818 1443 incerto
857 1381 960 1442 est.
1005 1381 1247 1442 Morum
1290 1385 1443 1443 certe
1490 1383 1741 1446 dulcedo
1784 1405 1852 1444 ac

494 1460 739 1524 suavitas
761 1506 782 1537 ,
819 1464 885 1524 &
909 1463 1183 1523 adversus
1213 1465 1433 1524 amicos
1464 1485 1629 1545 aequa
1663 1486 1726 1526 ac
1751 1487 1855 1546 par

494 1541 581 1602 sui
620 1542 916 1603 aestimatio
942 1587 964 1614 ,
1003 1542 1352 1603 inimitabilis
1398 1542 1559 1605 fuisse
1610 1545 1850 1606 dicitur:

495 1643 635 1684 nam
669 1622 1036 1706 pulchritudo
1068 1627 1330 1705 corporis
1358 1629 1623 1706 proxima
1652 1624 1853 1685 frater-

495 1725 586 1764 nae
629 1703 753 1765 fuit.
791 1702 910 1764 Sed
944 1704 1107 1764 illum
1136 1748 1155 1778 ,
1191 1725 1397 1788 magna
1427 1726 1501 1766 ex
1544 1724 1703 1796 parte
1743 1707 1855 1766 do-

496 1786 770 1848 mitorem
802 1781 1131 1845 Germaniae
1162 1833 1179 1856 ‚
1218 1787 1472 1868 plurimo
1510 1806 1633 1866 ejus
1668 1788 1853 1870 gentis

497 1866 670 1924 variis
701 1867 761 1923 in
799 1865 941 1926 locis
1017 1864 1211 1926 tofuso
1254 1865 1519 1948 sanguine
1548 1909 1570 1940 ,
1603 1867 1855 1928 fatorum

496 1945 762 2024 iniquitas
783 1990 808 2020 2
837 1887 1135 2008 consiilem
1159 1991 1178 2021 2
1212 1965 1479 2028 agentem
1514 1967 1725 2006 annum
1758 1949 1872 2007 tri-⁷

497 2025 780 2086 cesimum
801 2070 818 2096 ,
848 2028 1051 2106 rapuit.
1082 2026 1280 2087 Moles
1314 2027 1523 2087 deinde
1559 2025 1681 2106 ejus
1709 2029 1853 2090 belli

499 2105 762 2168 transsata
799 2108 856 2166 in
888 2105 1191 2167 Neronem
1225 2105 1307 2166 est
1328 2152 1349 2180 ‚
1382 2108 1543 2190 quod
1576 2111 1623 2168 is
1658 2107 1753 2168 sua
1788 2110 1855 2169 &

498 2188 712 2247 virtute
748 2189 814 2249 δι.
848 2185 1085 2248 fortun&⁴
1114 2186 1525 2248 administravit
1546 2209 1566 2261 3
1590 2207 1854 2269 peragra-

497 2264 702 2348 tusque
747 2266 935 2329 vifior
983 2289 1190 2328 omnes
1237 2287 1427 2350 partes
1474 2266 1800 2328 Germaniae
1829 2311 1857 2339 ,

499 2349 624 2406 sine
658 2346 781 2407 ullo
808 2348 1160 2408 detrimento
1199 2349 1492 2410 commissi
1530 2345 1808 2404 exercitus
1830 2391 1855 2421 ,

541 2425 661 2487 uod
712 2427 996 2508 praecipue
1046 2426 1177 2486 huic
1236 2428 1368 2486 duci
1421 2425 1649 2506 semper
1704 2447 1855 2487 curse

499 2447 648 2576 ait,
684 2509 763 2565 sic
815 2504 1150 2585 perdomuit
1192 2526 1321 2566 eam
1346 2550 1366 2577 ‚
1402 2524 1467 2568 ut
1504 2507 1563 2566 in
1604 2505 1853 2568 formam

545 2605 654 2644 ene
713 2582 1092 2664 stipendiariae
1159 2587 1444 2668 redigeret
1516 2590 1852 2668 provinciae.

500 2607 660 2727 qum
693 2665 830 2724 alter
867 2663 1187 2746 triumphus
1208 2712 1229 2743 ,
1259 2689 1393 2730 cum
1428 2667 1610 2732 altero
1649 2667 1853 2730 consu-

502 2745 617 2808 latu
635 2789 662 2818 ,
695 2747 750 2808 ei
789 2745 1011 2809 oblatus
1050 2743 1157 2811 est.
