2067 3667
496 295 589 367 62
741 280 811 364 C.
870 296 1140 364 Vsu.
1189 292 1597 377 PATERc.

496 432 611 495 que
658 411 817 473 bello
864 432 1101 473 manum
1147 431 1300 495 pene
1353 412 1535 497 magis
1585 407 1846 473 noluerat

494 496 796 577 imponere
825 493 999 575 quam
1032 513 1153 553 non
1187 508 1486 575 potuerat3
1513 492 1612 575 qui
1636 491 1852 588 alioqui

494 594 603 658 per
643 576 837 635 omnia
876 572 1176 634 laudabilis
1199 617 1219 647 ‚
1263 574 1328 634 &
1371 571 1528 636 bello
1571 591 1726 655 pene
1768 593 1855 633 m-

493 654 677 715 viStus
713 700 734 729 ‚
775 657 1034 735 pecuniae
1088 651 1482 735 expellebatur
1529 651 1848 735 cupidine)

480 735 654 797 *idem
691 735 909 795 bellum
948 734 1133 795 adhuc
1153 732 1578 795 'administraret
1609 754 1631 809 3
1665 733 1850 794 Mani*

493 814 604 876 iius
645 816 905 876 tribunus
954 814 1139 898 plebis
1173 859 1193 889 ,
1239 812 1465 895 semper
1513 814 1738 877 venalis
1785 814 1852 875 δι

493 897 698 958 alienae
731 894 983 957 minister
1012 896 1288 987 potentiae
1308 941 1328 971 ‚
1362 896 1552 982 legem
1586 896 1754 970 tulit,
1789 912 1853 955 ut

494 978 717 1040 bellum
750 976 1209 1038 Mithridaticum
1233 996 1336 1059 per
1361 974 1476 1039 Cn.
1507 976 1850 1061 Pompeium

496 1056 994 1121 administraretur.
1049 1058 1311 1139 Accepta
1353 1062 1470 1132 ea}
1521 1056 1850 1141 magnisque

495 1155 779 1201 certatum
814 1141 961 1201 inter
990 1140 1368 1222 imperatores
1402 1136 1598 1221 jurgiis
1621 1181 1640 1210 ‚
1676 1158 1852 1222 quum

495 1218 810 1302 Pompeius
832 1220 1076 1281 Lucullo
1100 1218 1393 1282 infamiam
1422 1220 1714 1301 pecunia,
1741 1217 1854 1279 Lu·-

498 1300 682 1361 tullus
713 1297 993 1381 Pompeio
1023 1301 1445 1361 interminatam
1480 1297 1854 1383 cupiditatem

498 1378 785 1461 objiceret
814 1382 1040 1463 imperii
1065 1402 1084 1455 3
1113 1399 1431 1462 neuterque
1472 1380 1542 1441 ab
1591 1400 1666 1441 eo
1687 1426 1710 1452 ,
1732 1402 1853 1463 quo

496 1460 839 1543 arguebatur
862 1465 892 1535 ‚'
919 1462 1206 1521 mendacii
1247 1463 1405 1543 argui
1442 1458 1626 1543 poffet
1665 1480 1681 1520 τ
1721 1481 1856 1522 nam

498 1562 689 1625 neque
724 1540 1036 1625 Pompeius
1055 1587 1077 1617 ‚
1115 1558 1178 1617 ut
1215 1542 1467 1623 primum
1505 1541 1574 1601 ad
1616 1562 1858 1625 rempu-

496 1622 709 1683 blicam
754 1620 1038 1707 aggressus
1086 1621 1170 1684 est
1207 1666 1228 1695 ,
1270 1642 1621 1704 quemquam
1663 1627 1857 1685 animo

498 1710 701 1785 parem
745 1705 873 1767 tulit
906 1726 927 1780 3
967 1706 1031 1766 &
1071 1704 1379 1785 inquibus
1427 1702 1596 1763 rebus
1636 1705 1858 1787 primus

501 1782 611 1844 effe
655 1784 905 1844 debebat
926 1828 945 1856 ‚
976 1783 1128 1845 solus
1163 1782 1273 1845 esse
1312 1783 1581 1866 cupiebat
1614 1806 1633 1843 t«
1665 1805 1858 1865 neque

501 1876 577 1923 eo
612 1866 744 1925 viro
778 1861 1076 1947 quisquam
1114 1882 1212 1924 aut
1253 1865 1358 1924 alia
1395 1866 1591 1926 omnia
1625 1866 1814 1925 minus
1840 1909 1860 1939 ,

499 1959 597 2004 aut
627 1944 868 2025 gloriam
898 1946 1078 2029 magis
1115 1947 1406 2029 concupiit
1442 1968 1459 2004 .·
1488 1946 1546 2003 in
1581 1965 1652 2025 ap
1697 1963 1862 2005 eten-

389 2092 397 2101 ἱ
502 2024 589 2088 ffis
619 2024 937 2085 honoribus
964 2027 1308 2090 immodicus
1327 2071 1346 2100 ,
1377 2026 1436 2085 in
1457 2044 1634 2107 geren
1677 2028 1729 2090 is
1747 2047 1861 2086 ve-

500 2107 945 2170 recundissimus
967 2151 985 2177 ,
1018 2122 1082 2166 ut
1128 2108 1225 2191 qui
1263 2126 1366 2167 eos
1390 2152 1409 2181 ‚
1441 2122 1504 2165 ut
1541 2106 1862 2169 libentissi-

502 2186 599 2247 me
639 2188 846 2256 iniret,
896 2188 973 2248 ita
1021 2184 1218 2256 finiret
1257 2208 1426 2273 aequo
1469 2189 1706 2261 anim03
1743 2188 1811 2249 δι
1839 2233 1862 2261 ,

502 2268 663 2349 quod
697 2266 933 2351 cupiffet
966 2266 1196 2331 arbitrio
1227 2266 1332 2329 suo
1367 2267 1586 2329 sumere
1613 2314 1632 2343 ,
1662 2268 1861 2331 alieno

504 2350 845 2430 deponeret.
883 2346 961 2408 Et
990 2348 1262 2409 Lucullus
1295 2393 1316 2421 ‚
1349 2347 1600 2408 summus
1636 2348 1859 2433 alioqui

498 2432 591 2489 vir
608 2472 627 2500 ,
651 2427 893 2510 profusae
920 2426 1088 2509 hujus
1120 2430 1178 2488 in
1202 2427 1456 2493 aedificiis
1481 2428 1862 2493 conviffibus-

544 2529 617 2568 ue
652 2511 716 2571 &
750 2510 1108 2592 apparatibus
1145 2510 1378 2573 luxuriae
1411 2511 1627 2593 primus
1661 2509 1862 2571 anaor

528 2591 645 2649 uit:
671 2610 845 2671 quem
874 2588 953 2649 ob
982 2587 1218 2670 inj'estas
1249 2591 1436 2651 moles
1459 2592 1600 2650 mari
1625 2636 1652 2666 ,,
1675 2592 1738 2652 &
1764 2612 1863 2653 re·-

476 2708 485 2717 .
509 2686 742 2749 ceptum
772 2668 1021 2731 suffossis
1053 2672 1345 2731 montibus
1373 2671 1433 2732 in
1456 2688 1635 2735 terras
1659 2692 1819 2733 mare
1839 2717 1862 2747 ,

504 2750 658 2810 haud
699 2749 943 2812 infacete
986 2751 1090 2811 Ma
1128 2773 1230 2813 nus
1272 2752 1580 2837 Pompeius
1619 2750 1864 2818 Xerxen

503 2846 767 2913 togatum
792 2853 1005 2896 vocare
1109 2852 1370 2897 neverat.
