2067 3667
535 317 815 389 Htsr.
868 321 1187 390 Llflan
1236 315 1350 391 11.
1450 303 1583 418 ‘81
1653 416 1658 422 ·

235 432 492 518 speciosa
512 483 530 512 ,
562 438 678 499 illic
705 438 969 498 valentia.
997 438 1339 520 Pompeium
1372 437 1597 498 senatsss

237 517 546 579 auctoritas
567 563 586 592 ,
623 518 912 579 Caesarem
961 519 1211 580 militum
1250 522 1491 581 armavit
1527 518 1599 578 fi·-

241 599 428 659 ducia.
480 598 766 662 Consules
803 598 1140 682 senatusque
1191 599 1370 662 causae
1410 646 1432 673 ,
1474 615 1595 660 non

241 679 523 760 Pompeio
562 726 582 754 ,
633 679 906 740 summam
957 682 1185 762 imperii
1244 680 1594 742 detulerunt.

240 757 398 821 Nihil
434 760 693 822 relic'turn
727 781 759 820 a
799 759 1023 821 Caesare
1048 806 1066 835 ‚
1099 763 1259 843 quod
1295 760 1593 822 servandae

237 844 394 923 pacis
427 841 597 902 causa
632 843 837 902 tentari
868 840 1088 923 poffet,
1118 842 1260 901 nihil
1286 849 1594 933 'receptum

239 943 276 982 a
317 921 680 1002 Pompeianis
721 945 738 982 ε
786 943 964 1002 quum
1007 922 1149 981 alter
1194 921 1394 983 consul
1440 920 1592 1000 justo

237 1001 381 1063 effer
415 1001 666 1061 ferocior
699 1024 718 1075 3
751 1001 1024 1061 Lentulus
1058 1004 1205 1063 verb
1240 1002 1393 1063 salva
1424 1021 1597 1082 repu-

238 1082 394 1141 blica
434 1081 620 1140 salvus
665 1079 774 1140 effe
821 1102 942 1141 uon
985 1079 1170 1161 posset
1204 1102 1223 1154 3
1270 1081 1359 1142 M.
1406 1097 1601 1141 autem

243 1161 402 1222 Cato
437 1161 801 1222 moriendum
842 1161 974 1222 ante
995 1206 1015 1235 ,
1050 1161 1221 1243 quiim
1252 1161 1425 1221 ullam
1460 1181 1601 1220 con·-

239 1243 528 1303 ditionem
575 1243 718 1303 civis
768 1242 1161 1325 accipiendam
1210 1241 1597 1325 reipublic-2,

231 1322 620 1384 ‘contenderet
642 1345 658 1384 z
682 1324 773 1384 vir
805 1328 1067 1406 antiquus
1106 1324 1170 1384 δι
1202 1327 1389 1406 gravis
1425 1323 1603 1386 Pom-

239 1408 356 1487 peii
400 1423 592 1488 partes
635 1403 892 1466 laudaret
939 1425 996 1464 m
1077 1406 1167 1477 's‚
1211 1403 1465 1485 prudens
1510 1402 1597 1464 se·

239 1502 514 1567 queretur
557 1483 794 1547 Caesaris
832 1508 852 1560 ;
889 1487 956 1546 δι
993 1485 1090 1544 ila
1134 1484 1381 1566 gloriosa
1414 1530 1434 1558 ,
1470 1485 1595 1546 haet':

238 1567 588 1626 terribiliora
631 1566 885 1626 duceret.
936 1563 1020 1624 Ut
1069 1565 1279 1624 deinde
1320 1609 1339 1637 ,
1394 1565 1598 1646 spretis

239 1647 514 1706 omnibus
559 1665 689 1726 quae
733 1644 928 1704 Caesar
977 1644 1369 1723 postulaverat
1405 1689 1424 1714 ‚
1471 1661 1601 1704 tan-

243 1725 551 1786 tummodo
589 1741 892 1784 contentus
933 1743 1067 1781 cum
1102 1743 1215 1783 una
1257 1725 1485 1805 legione
1525 1727 1603 1783 ti:-

240 1808 428 1866 tulum
461 1809 707 1866 retinere
735 1805 1051 1884 provinciae
1070 1848 1089 1878 ,
1120 1806 1372 1886 privatus
1398 1807 1455 1864 in
1481 1805 1599 1866 Urss

241 1889 380 1948 bem
416 1888 645 1949 veniret
667 1929 686 1958 ,
722 1885 785 1946 &
824 1883 881 1944 se
918 1885 978 1942 in
1011 1888 1296 1965 petitione
1341 1885 1600 1946 consulan-

239 1971 330 2029 tfis
361 1966 634 2050 suffragiis
656 1966 861 2048 populi
886 1963 1136 2025 Romani
1167 1969 1555 2028 committeret
1574 2010 1596 2039 ,

239 2049 559 2107 decrevere
599 2069 616 2106 z
657 2064 808 2106 ratus
847 2046 1181 2108 bellandum
1227 2045 1419 2108 Caesar
1465 2055 1601 2107 cum

239 2130 498 2187 exercitu
539 2128 878 2187 rubiconem
926 2129 1149 2198 transiit¹
1196 2149 1212 2188 z
1266 2125 1378 2188 Cn.
1422 2125 1604 2187 Pom-

237 2210 406 2284 peius
445 2206 810 2288 consulesque
853 2209 912 2268 &
951 2204 1139 2286 major
1172 2227 1305 2288 pars
1338 2206 1561 2274 senatfis
1583 2250 1605 2280 ‚

237 2287 430 2348 relic'ffi
463 2288 628 2350 Urbe
665 2309 728 2348 ac
766 2288 978 2347 deinde
1014 2287 1177 2348 ltalia
1196 2333 1214 2362 ,
1248 2285 1603 2350 transmisere

236 2368 656 2450 Dyrrachium.
1100 2385 1105 2393 ·

321 2449 387 2510 L.
430 2451 518 2509 At
555 2447 748 2510 Caesar
779 2494 798 2523 ,
843 2447 1120 2510 Domitio
1166 2449 1603 2533 legionibusque

237 2527 534 2602 Corfinii,
571 2551 696 2612 quae
733 2529 853 2589 unit
901 2551 1034 2592 cum
1076 2552 1149 2592 eo
1192 2531 1415 2591 fuerant
1433 2575 1457 2603 ,
1490 2541 1607 2614 po?-

233 2613 379 2672 titus
402 2655 423 2684 ‚
463 2609 606 2670 duce
646 2608 882 2693 aliisque
901 2657 922 2684 ,
959 2613 1061 2694 qui
1100 2613 1405 2672 voluerant
1446 2615 1606 2673 abire

236 2693 314 2754 ad
363 2690 710 2770 Pompeium
747 2736 766 2766 ‚
813 2693 945 2750 sine
991 2692 1268 2751 dilatione
1308 2693 1557 2753 dimissis
1586 2735 1608 2765 ,

233 2772 566 2860 persecutus
614 2770 988 2836 Brundisium
1025 2814 1047 2846 ,
1078 2774 1156 2834 ita
1198 2776 1609 2915 utI->appareret

1362 2874 1405 2916 v
