2067 3667
417 312 706 385 Htsr.
756 314 1074 385 Lmen
1125 315 1183 386 I.
1424 338 1493 409 7-

125 447 443 516 nongentos
483 510 486 513 ἢ
549 432 879 516 'nquaginta
899 434 1122 507 floruit,
1144 434 1291 494 intra
1312 435 1477 496 mille

127 532 284 575 natus
321 512 420 576 est.
537 536 616 575 uo
657 515 894 575 nomine
915 560 934 586 ,
979 534 1103 576 non
1138 514 1221 575 est
1260 517 1477 576 miran-

128 596 260 655 dum
281 638 304 669 ,
425 596 508 656 bd
543 593 698 675 saepe
733 596 874 655 illud
913 594 1143 677 usurpat
1164 641 1183 666 ,
1224 592 1327 657 οἷοι
1368 597 1473 657 νῦν

127 673 322 755 βροτοί
344 617 458 738 Σεινι
497 698 514 736 =
551 676 667 738 hoc
707 678 863 737 enim
899 693 963 737 ut
1001 678 1305 737 hominum
1328 723 1348 747 ‚
1395 681 1474 738 ita

129 754 434 818 seculorum
485 772 716 819 notatur
772 755 1114 819 differentia.
1160 756 1364 899 Qssiem
1421 760 1471 819 si

129 839 248 919 quis
279 858 497 898 caecum
529 839 786 919 genitum
816 856 978 921 putat
997 883 1019 912 ‚
1048 842 1207 901 omni
1252 860 1318 901 us
1344 838 1475 899 sen-

129 919 272 979 sibus
303 920 480 979 orbus
513 916 617 979 est.

201 998 314 1060 VI.
355 998 481 1060 Inse
527 1001 682 1059 uenti
704 1016 971 1081 tempore
993 1002 1299 1080 imperium
1322 1002 1477 1060 Asia·

129 1079 294 1141 ticum
323 1080 397 1141 ab
429 1020 676 1160 Affiyriis
699 1125 716 1151 ,
755 1084 855 1161 qui
886 1080 947 1140 id
975 1080 1345 1141 obtinuerant
1376 1102 1477 1139 an-

128 1162 212 1220 nis
247 1160 400 1223 mille
441 1158 818 1244 septingentis
841 1206 864 1235 ‚
909 1160 1238 1221 transsatum
1279 1159 1361 1223 est
1396 1161 1473 1221 ad

129 1239 328 1301 Medos
349 1288 372 1315 ,
399 1242 610 1303 abhinc
647 1263 831 1303 annos
859 1240 1045 1305 ferme
1078 1240 1469 1325 septingentos

129 1320 480 1405 septuaginta.
514 1321 761 1405 Quippe
790 1320 1231 1403 Sardanapalum
1264 1343 1471 1384 eorum

129 1423 310 1485 regem
330 1448 351 1478 ,
391 1402 652 1464 mollitiis
683 1402 961 1471 fluentem
1001 1404 1067 1464 ὃ(
1102 1406 1341 1464 nimium
1378 1401 1469 1463 fe-

127 1484 284 1545 licem
313 1484 472 1545 malo
510 1484 612 1545 suo
636 1530 657 1555 ‚
697 1486 872 1547 tertio
909 1485 976 1546 &
1005 1487 1295 1546 tricesimo
1329 1486 1467 1545 loco

128 1564 194 1623 ab
233 1565 388 1625 Nino
437 1566 506 1627 &
543 1563 920 1626 Semiramide
944 1611 967 1638 ,
1017 1568 1118 1647 qui
1164 1566 1487 1645 Babylona-

129 1646 538 1719 condiderant‚
581 1663 778 1705 natum
806 1690 828 1719 ‚
870 1648 948 1704 ita
985 1662 1052 1713 ut
1086 1644 1312 1726 semper
1346 1643 1473 1705 suc-

131 1724 306 1787 cess'or
342 1728 498 1808 regni
537 1728 762 1807 paterni
796 1724 950 1785 foret
987 1723 1135 1785 filius
1160 1770 1179 1801 ‚
1222 1724 1475 1787 Pharna-

132 1827 223 1867 ces
257 1806 468 1867 Medus
507 1808 756 1887 imperio
795 1808 1032 1889 vitaque
1071 1808 1343 1888 privavit.
1385 1804 1489 1867 Ea'

131 1904 285 1947 aetate
321 1887 668 1947 clarissimus
697 1884 860 1947 Graii
895 1888 1146 1947 nominis
1171 1886 1471 1969 Lycurgus

130 1967 628 2043 Lacedaemonius,
663 1972 755 2027 vir
788 1970 1010 2051 generis
1038 1969 1175 2049 regii
1201 2012 1219 2042 ‚
1251 1966 1359 2029 fuit
1390 1966 1473 2029 se-

133 2050 548 2109 verit-»simarum
579 2046 1128 2129 justissimarumque
1162 2050 1356 2130 legum
1380 2070 1477 2109 au·

133 2128 244 2189 &or
266 2175 286 2205 ,
315 2132 379 2191 &
413 2130 722 2209 disciplinae
755 2130 1315 2191 convenientissimae
1347 2130 1473 2203 vir;

133 2206 284 2287 cujus
323 2210 600 2291 quamdiu
635 2208 836 2291 Sparta
882 2210 1127 2289 diligens
1168 2208 1277 2267 fuit
1302 2252 1323 2281 ,
1370 2229 1473 2267 ex-

131 2292 434 2353 celsissime
481 2292 695 2352 floruit.
744 2288 879 2351 Hoc
920 2288 1103 2349 traau
1141 2306 1474 2370 temporum

132 2390 254 2432 ante
295 2392 474 2434 annos
517 2374 774 2453 quinque
812 2371 878 2431 &
922 2368 1055 2430 sexa
1093 2371 1209 2429 inta
1234 2414 1253 2443 ‚
1300 2368 1473 2452 quarn

130 2452 254 2513 urbs
289 2452 556 2514 Romana
593 2452 943 2513 conderetur
964 2496 983 2522 ,
1138 2449 1303 2511 Elissa
1339 2449 1477 2531 Ty-

132 2535 205 2592 ria
226 2577 246 2607 ‚
291 2554 464 2615 quam
497 2534 732 2617 quidam
757 2531 923 2593 Dido
954 2548 1251 2592 autumant
1272 2576 1289 2602 ‚
1326 2530 1475 2592 Car-

133 2613 301 2697 thago
335 2614 624 2675 conditur.
675 2612 848 2675 Circa
887 2613 1048 2695 quod
1083 2630 1312 2694 tempus
1353 2610 1475 2671 Ca·-

135 2714 290 2754 ranus
313 2740 336 2767 ,
376 2697 470 2758 vir
507 2697 734 2777 generis
772 2696 957 2777 regii,
999 2692 1475 2755 sextus-decimus

135 2774 194 2841 ab
245 2775 505 2837 Hercule
529 2821 552 2850 ,
612 2775 901 2857 profectus
949 2774 1173 2917 ArgisA,
1215 2794 1477 2868 ’regnum

1213 2875 1277 2917 tv
