2067 3667
494 282 585 333 22
733 260 809 329 L.
860 258 1228 329 ANNAEI
1277 260 1590 329 onnt

488 383 555 443 &
591 380 798 440 utilitas
834 377 1172 461 postulabat.
1221 376 1374 439 Nam
1409 378 1550 461 quid
1585 376 1856 441 Romulo

489 461 783 521 ardentius
826 461 848 519 ?
888 460 983 519 tali
1033 480 1179 539 opus
1230 459 1380 533 fuit,
1431 476 1494 519 ut
1543 459 1856 521 invaderet

490 540 954 625 regnum.,Quid
994 540 1190 601 Numa
1223 541 1542 623 religiosius
1579 539 1600 600 ?
1633 543 1711 601 i'ta
1739 544 1852 601 'res

490 622 799 703 poposcit,
828 638 892 681 ut
923 620 1089 681 ferox
1120 622 1368 703 populus
1404 620 1650 682 deorum
1682 642 1852 681 metu

488 706 863 784 mitigaretur.
898 700 1070 781 Quid
1091 702 1186 761 ille
1220 704 1436 761 militiae
1467 700 1674 761 artifex
1696 700 1854 763 Tul-

488 782 622 844 lus?
661 783 1029 843 bellatoribus
1068 784 1204 843 viris
1246 782 1420 863 quarn
1457 779 1849 843 necess‘arius?

490 880 557 924 ut
606 881 839 923 acueret
882 866 1102 923 ratione
1152 864 1444 923 virtutem.
1495 861 1664 942 Quid
1704 862 1848 923 aedi-

490 942 694 1005 ficator
728 942 927 1005 Ancus
963 944 985 1005 ἓ
1022 961 1085 1004 ut
1117 944 1344 1005 Urbem
1377 942 1607 1004 colonia
1645 960 1851 1003 exten-

490 1024 699 1095 deret,
754 1042 934 1107 ponte
978 1022 1241 1107 jungeret
1279 1070 1302 1097 ,
1355 1045 1521 1085 muro
1568 1040 1846 1086 tueretur.

490 1104 616 1165 Jam
644 1108 790 1167 verb
814 1104 1114 1189 Tarquinii
1146 1104 1483 1167 ofnamenta
1511 1106 1575 1167 &
1602 1106 1846 1187 insignia

488 1204 756 1267 quantam
810 1189 1053 1268 principi
1109 1186 1329 1268 populo
1382 1186 1726 1248 addiderunt
1773 1207 1846 1246 ex

487 1266 613 1347 ipso
670 1268 867 1327 habitu
909 1268 965 1327 di
1008 1269 1247 1327 nitatem
1285 1267 1306 1328 ?
1347 1265 1526 1326 Actus
1561 1288 1593 1327 a
1631 1264 1843 1327 Servio

489 1345 691 1406 census
726 1348 864 1429 quid
904 1289 1131 1420 eflgecit,
1174 1349 1279 1406 nisi
1311 1364 1371 1407 ut
1407 1346 1524 1429 ipsa
1564 1346 1619 1407 se
1658 1343 1846 1408 nosset

489 1424 883 1509 Respublica?
926 1426 1222 1488 Postremo
1261 1425 1507 1507 Superbi
1545 1428 1694 1488 illius
1733 1431 1844 1487 im-

488 1527 735 1588 portuna
785 1508 1104 1569 dominatio
1153 1509 1468 1582 nonnihil,
1512 1510 1694 1568 immo
1741 1508 1842 1569 vel

490 1588 801 1669 plurimum
838 1588 1072 1671 profuit.
1114 1588 1205 1650 Sic
1245 1591 1400 1649 enim
1425 1586 1688 1649 effestum
1715 1586 1798 1649 est
1821 1633 1841 1662 ,

488 1686 553 1729 ut
597 1672 837 1753 agitatus
880 1668 1092 1750 injuriis
1133 1671 1384 1755 populus
1425 1670 1732 1751 cupiditate
1772 1668 1842 1729 li-

487 1749 721 1811 bertatis
761 1752 1182 1813 incenderetur.

506 1876 1819 1951 *ψ

814 2004 876 2073 C
907 2004 969 2074 A
1001 2006 1051 2075 P
1083 2006 1152 2075 U
1185 2006 1250 2075 T
1349 2002 1506 2075 IX.

504 2148 620 2200 DE
672 2146 1210 2240 MUTATIPNE
1261 2147 1834 2202 REJPUBLJcAE.

486 2266 542 2377 I
558 2331 811 2373 Gl'rvn
848 2314 1027 2375 Bruto
1063 2311 1472 2395 Collatinoque
1507 2314 1745 2373 ducibus
1772 2317 1836 2378 &

482 2393 808 2453 aucloribus
834 2437 854 2465 ‚
892 2392 1100 2475 quibus
1140 2393 1418 2453 ultionem
1463 2393 1543 2453 sui
1580 2398 1836 2457 moriens

484 2491 748 2536 matrona
788 2473 1163 2533 mandaverat
1186 2517 1205 2545 ,
1251 2476 1498 2554 populus
1537 2474 1833 2537 Romanus

478 2554 561 2615 ad
583 2554 988 2614 vindicandum
1018 2552 1292 2613 libertatis
1327 2576 1390 2614 ac
1466 2556 1710 2616 udicitiae
1736 2558 1834 2617 de-

482 2654 584 2695 cus
605 2676 625 2705 ‚
654 2633 905 2716 quodam
932 2635 1092 2716 quasi
1127 2634 1383 2697 instin6lu
1413 2578 1656 2698 Xeorum
1691 2658 1835 2697 con-

484 2714 688 2779 citatus
722 2760 747 2789 ,
794 2736 994 2801 regem
1041 2732 1277 2800 repente
1332 2714 1582 2781 destituit
1613 2762 1636 2795 ,
1678 2718 1834 2779 bona
