2067 3667
485 314 580 387 66
730 313 800 384 C.
861 312 1126 383 Vsu..
1174 315 1581 384 ΡΑτεκσ.

486 434 744 495 meniam
767 430 1181 514 Tigranenque
1218 450 1502 514 generum
1536 431 1685 514 petit
1704 476 1725 507 ‚
1755 446 1855 494 red

488 533 624 597 gem
665 511 786 594 ejus
821 515 1103 594 temporis
1127 556 1147 586 ‚
1206 513 1315 572 nisi
1349 512 1461 593 qua
1496 511 1723 573 Luculli
1756 532 1849 572 m·-

486 597 598 654 mis
643 611 762 654 erat
800 591 1106 666 insi-astus,
1142 595 1625 674 potentissimum.
1663 589 1846 653 Simul

485 676 684 757 itaque
715 676 860 735 duos
928 672 1213 734 ersecutus
1235 673 1547 754 Pompeius
1565 718 1586 749 ,
1610 676 1848 737 intravit

487 754 846 817 Armeniam.
926 757 1044 814 rior
1072 753 1221 814 filius
1250 752 1515 837 Tigranis
1540 800 1563 830 ‚
1594 752 1692 814 sed
1725 752 1847 814 dis-—

487 856 618 897 cors
697 838 798 895 atri
821 880 846 907 ,
877 838 1143 917 pervenit
1182 835 1256 895 ad
1287 835 1632 915 Pompeium
1656 858 1678 910 3
1704 856 1847 895 mox

485 914 610 1015 ipse
668 916 886 1007 upplex
919 918 983 978 &
1001 914 1252 1012 praesens
1286 915 1341 975 se
1374 936 1728 997 regnumque
1760 916 1845 975 di·

486 998 632 1057 tioni
669 1018 794 1077 ejus
832 999 1095 1078 permxsit
1125 1040 1144 1070 ,
1182 995 1449 1079 praefatus
1488 1018 1508 1057 .·
1550 997 1844 1057 neminem

485 1078 666 1139 alium
686 1098 875 1159 neque
903 1077 1233 1139 Romanum
1253 1096 1441 1167 neque
1464 1077 1632 1137 ullius
1660 1079 1846 1173 gentis

484 1162 676 1221 virum
715 1157 964 1219 futurum
1008 1155 1170 1219 fuisse
1205 1201 1226 1231 ,
1267 1178 1428 1235 cujus
1480 1156 1537 1219 se
1581 1155 1845 1219 societati

489 1236 884 1301 commissurus
907 1236 1061 1299 foret
1083 1282 1104 1311 ,
1129 1238 1302 1320 quam
1320 1235 1434 1300 Cn.
1459 1236 1845 1319 Pompeium:

486 1320 735 1401 proinde
769 1338 1004 1379 omnem
1039 1318 1146 1379 sibi
1181 1318 1281 1381 vel
1311 1317 1606 1381 adversam
1636 1318 1735 1381 vel
1758 1316 1843 1383 se-

486 1401 737 1460 cundam
758 1445 778 1471 ‚
803 1397 964 1479 cujus
995 1398 1189 1459 aufior
1222 1399 1323 1461 ille
1353 1397 1493 1461 effet
1512 1444 1533 1473 ‚
1552 1398 1845 1462 fortunam

487 1480 848 1541 tolerabilem
871 1478 1123 1541 futuram
1144 1502 1163 1541 ε
1190 1502 1309 1541 non
1343 1479 1454 1542 eise
1479 1498 1648 1564 turpe
1668 1480 1741 1541 ab
1768 1500 1844 1541 eo

487 1563 683 1635 vinci,
722 1581 894 1643 quem
917 1563 1153 1621 vincere
1176 1559 1314 1627 esset
1344 1560 1503 1623 nefas
1526 1583 1544 1621 ε
1565 1582 1755 1643 neque
1788 1561 1845 1623 ei

487 1642 788 1705 inhoneste
825 1642 1077 1726 aliquem
1104 1641 1352 1703 submitti
1375 1685 1394 1715 ,
1418 1663 1593 1725 quem
1612 1641 1846 1705 fortuna

487 1721 657 1805 super
699 1744 902 1785 omnes
942 1722 1235 1785 extuliss'et.
1278 1723 1544 1785 Servatus
1580 1725 1701 1807 regi
1727 1724 1841 1783 ho-

484 1826 593 1864 nos
619 1805 882 1887 imperii,
915 1802 1012 1865 sed
1046 1806 1289 1867 multato
1317 1806 1530 1889 ingenti
1559 1804 1801 1887 pecunia
1820 1824 1842 1879 3

485 1906 612 1966 quae
652 1886 840 1944 omnis
863 1928 882 1957 ‚
940 1885 1105 1945 sicuti
1142 1886 1425 1969 Pompeio
1466 1886 1643 1947 moris
1676 1903 1797 1945 erat
1820 1929 1845 1959 ,

483 1964 709 2025 redafiia
760 1967 818 2025 in
861 1964 1153 2047 quaestoris
1206 1965 1548 2048 potestatem
1574 2010 1591 2039 ‚
1631 1986 1696 2026 ac
1734 1986 1842 2047 pu·

480 2044 648 2106 blicis
701 2042 980 2126 descripta
1040 2046 1259 2107 litteris.
1313 2044 1482 2127 Syria
1532 2046 1773 2128 aliaeque
1817 2091 1847 2120 ,

481 2146 623 2209 quas
659 2143 1046 2208 occupaverat
1067 2172 1085 2197 ,
1124 2127 1442 2208 provinciae
1480 2146 1741 2207 ereptae;
1776 2128 1845 2189 ὃ(

481 2206 604 2267 aliae
638 2205 908 2269 restitutae
949 2207 1173 2290 populo
1210 2206 1515 2281 Romane,
1559 2209 1684 2267 aliae
1712 2223 1839 2269 tum

527 2290 734 2351 timum
777 2290 834 2347 in
879 2284 1001 2366 ejus
1046 2286 1392 2371 potestatem
1437 2287 1677 2349 tedaAElae
1707 2332 1726 2359 ,
1774 2306 1843 2349 ut

481 2308 652 2449 §yria
672 2413 696 2441 ,
729 2390 858 2463 quae
894 2386 1016 2428 tum
1049 2370 1297 2451 primbm
1335 2368 1477 2429 faEia
1508 2368 1591 2429 est
1623 2366 1843 2449 stipen-

483 2449 674 2509 diaria.
701 2446 855 2509 Fmis
891 2449 1120 2533 imperii
1154 2450 1296 2533 regii
1342 2452 1681 2512 terminatus
1719 2447 1844 2524 At·-

486 2530 698 2590 menia.

563 2606 994 2673 XXXVIII.
1036 2608 1210 2671 Haud
1253 2609 1559 2673 absurdum
1604 2611 1843 2673 videtur

484 2692 767 2772 propositi
801 2693 996 2780 operis
1032 2711 1095 2753 re
1174 2690 1283 2764 lae,
1307 2693 1501 2777 paucis
1536 2708 1845 2774 percurre-

485 2776 546 2832 'te
567 2814 587 2846 ,
619 2792 745 2854 quae
775 2770 1047 2857 cujusque
1118 2770 1247 2835 utstu
1280 2792 1425 2859 gens
1460 2794 1525 2835 ac
1556 2774 1710 2835 natio
1748 2793 1845 2833 re·
