2067 3667
507 291 783 362 HlsT.
839 285 1153 362 LtBEn
1208 293 1312 363 II.
1432 305 1553 368 12‘1

199 417 329 494 'que
361 411 427 474 &
454 412 822 493 amplissimis
848 412 1163 472 honoribus
1194 409 1364 474 funffi
1383 458 1405 484 ,
1432 415 1571 475 hor-

206 509 331 552 tatu
369 493 550 574 princi
597 494 644 551 is
677 493 750 551 ad
792 493 1107 552 ornandam
1142 492 1363 552 Urbem
1400 493 1571 556 illeeh·

207 573 361 632 sunt.
417 569 552 632 Con
578 573 764 633 ulatus
800 572 1213 649 *tantummodo
1266 572 1341 632 us
1371 595 1443 635 ue
1495 575 1571 635 ad

207 653 584 713 undecimum
621 696 641 727 ‚
695 673 872 734 quem
922 655 1280 714 continuaret
1435 653 1519 714 sar
1547 700 1571 730 ,

210 754 390 816 quum
415 731 561 815 saepe
584 733 852 793 obnitens
875 733 1235 816 repugnaffet
1249 779 1266 802 ,
1294 737 1571 816 impetra·

209 817 262 874 ri
284 815 474 894 potuit
498 835 515 874 ε
547 834 680 874 nam
712 813 1041 874 dictaturam
1067 857 1085 888 ‚
1122 813 1293 896 quam
1318 818 1571 897 pertina-

209 897 363 956 citer
389 895 443 963 ei
467 892 763 954 deferebat
785 895 1034 976 populus
1054 939 1075 970 ‚
1100 910 1218 954 tam
1244 895 1570 957 constanter

211 996 243 1034 r
323 975 447 1035 ulit.
476 973 638 1034 Bella
665 973 766 1034 sub
795 977 1151 1055 imperatore
1174 974 1368 1057 gesta,
1400 995 1570 1058 paca-

211 1071 276 1114 ru
299 1075 418 1136 que
439 1053 692 1116 vffloriis
709 1073 990 1115 terrarum
1005 1054 1166 1114 orbis
1180 1101 1199 1130 ,
1218 1056 1283 1116 &
1300 1073 1390 1116 tot
1407 1076 1571 1117 extra

213 1135 438 1196 Italiam
463 1135 741 1218 domique
761 1155 976 1218 opera,
1003 1146 1177 1195 omne
1208 1136 1321 1196 aevi
1346 1135 1427 1195 sui
1452 1135 1573 1216 spa-

209 1217 358 1278 tium
395 1214 788 1298 impensurum
817 1217 876 1275 in
907 1216 971 1276 id
1001 1214 1187 1276 solum
1212 1214 1360 1296 opus
1392 1213 1570 1300 scrip-

215 1315 410 1358 torem
447 1295 710 1378 fatigent.
745 1295 874 1356 Nos
918 1315 1208 1356 memores
1246 1295 1569 1376 professio-

213 1379 304 1437 nis
323 1421 343 1452 ‚
375 1373 702 1438 universam
731 1377 1040 1516 imaginem
1072 1376 1423 1459 principatus
1444 1376 1568 1460 ejus

211 1458 400 1518 oculis
433 1456 642 1517 animis
673 1477 746 1518 ue
781 1455 840 1516 su
881 1455 1141 1537 jecimus·

298 1538 355 1598 X
373 1535 457 1600 C:
485 1536 639 1620 Sepu
665 1540 736 1598 tis
763 1582 784 1608 ,
828 1553 893 1598 ut
987 1537 1317 1597 raediximus
1340 1580 1360 1610 ,
1400 1537 1568 1598 bellis

214 1619 482 1678 civilibus
534 1661 554 1690 ‚
617 1561 1176 1699 coalescentibusque
1239 1618 1569 1697 reipublicae

218 1697 493 1758 membris
531 1719 602 1758 eo
639 1714 866 1758 curante
891 1742 911 1772 ,
951 1719 1080 1779 quae
1120 1713 1236 1757 tam
1268 1697 1443 1778 longa
1472 1719 1571 1756 ar-

218 1799 450 1839 morum
491 1775 663 1838 series
710 1779 1060 1840 laceraverat
1086 1820 1107 1851 ,
1142 1774 1431 1837 Dalmatia
1468 1780 1571 1840 vi-

217 1861 359 1942 ginti
379 1860 444 1921 &
473 1857 756 1920 ducentos
789 1879 970 1919 annos
991 1857 1222 1918 rebellis
1250 1858 1324 1917 ad
1354 1875 1571 1918 certam

217 1938 648 2002 confessionem
691 1956 892 2022 pacata
935 1937 1017 1998 est
1058 1939 1293 2018 imperii
1328 1961 1347 2012 3
1382 1938 1571 2019 Alpes

215 2021 356 2079 feris
386 2019 686 2100 multisque
717 2019 1045 2081 nationibus
1076 2018 1333 2078 celebres
1402 2019 1575 2080 erdo·

217 2101 374 2159 mi'tae
411 2119 431 2171 ;
467 2097 754 2178 Hispaniae
779 2145 800 2174 ,
833 2121 986 2162 nunc
1018 2100 1039 2159 i
1082 2101 1198 2159 sius
1234 2120 1351 2182 prae
1377 2100 1530 2158 entia
1550 2143 1573 2173 ,

219 2201 371 2240 nunc
419 2177 694 2260 Agrippae
713 2223 736 2252 ,
773 2201 952 2260 quem
1002 2120 1179 2261 u¹s³que
1228 2183 1287 2238 in
1337 2180 1573 2239 tertium

129 2277 134 2280 ·
217 2258 579 2322 consulatum
600 2307 616 2332 ‚
650 2259 712 2318 &
749 2279 892 2318 mox
925 2259 1230 2342 collegium
1262 2259 1573 2319 tribunitiae

219 2339 516 2420 potestatis
537 2339 786 2399 amicitia
807 2340 1077 2421 principis
1100 2355 1372 2400 evexerat
1388 2384 1406 2412 ,
1428 2338 1576 2398 mul-

220 2439 282 2481 to
325 2424 605 2502 varioque
639 2418 834 2481 Marte
874 2437 1109 2501 pacatae.
1143 2419 1209 2481 In
1250 2441 1386 2500 quas
1431 2440 1573 2501 pro-

219 2502 440 2562 vincias
473 2521 648 2581 quum
671 2502 836 2561 initio
859 2517 878 2572 ·,
902 2499 1177 2581 Scipione
1208 2501 1271 2561 ὅτ.
1302 2499 1575 2581 Sempro·

217 2583 323 2640 'nio
342 2578 548 2661 Longo
571 2580 895 2640 consulibus
913 2623 931 2652 ,
957 2584 1144 2661 primo
1166 2600 1317 2640 anno
1339 2579 1575 2640 secundi

217 2660 421 2722 Punici
453 2703 474 2731 ‚
511 2658 714 2720 abhinc
755 2681 936 2730 annos
974 2661 1259 2720 ducentos
1294 2661 1577 2742 quinqua·
1676 2710 1687 2724 ,

218 2743 412 2824 ginta,
435 2739 686 2804 Romani
709 2742 986 2804 exercitus
1009 2742 1171 2802 missi
1190 2737 1365 2881 effelnt
1380 2785 1401 2813 ,
1428 2741 1574 2805 duce
