2067 3667
470 309 675 393 Ι,ιςο
763 290 875 383 ,0.
931 292 1191 376 Vnt„
1244 287 1636 357 PATERC.

526 408 731 472 Nerva
769 406 1010 469 Silianus
1038 452 1057 480 ,
1095 406 1157 467 P.
1194 404 1315 467 Silii
1352 405 1540 480 filius,
1585 426 1761 488 quem
1790 406 1885 469 vi-

507 512 694 565 sum,
740 511 812 551 ne
857 494 953 571 qui
995 488 1277 549 intellexit
1322 488 1609 569 quidem,
1654 488 1883 549 abunde

524 574 764 653 miratus
812 570 894 647 est
921 617 938 641 ‚
984 592 1059 630 ne
1103 569 1241 645 nihil
1287 589 1403 629 non
1446 570 1672 649 optimo
1714 570 1828 629 civi
1863 614 1883 643 ,

509 648 955 735 'simplicissimo
992 652 1125 731 duci
1150 646 1407 732 perisset,
1433 666 1749 731 praereptus
1774 652 1885 709 im·

397 808 402 811 Ι
505 730 755 796 'mature
793 777 813 805 ‚
857 734 921 793 &
971 730 1153 791 fruflu
1204 731 1568 812 amplissimae
1614 732 1885 811 principis
1960 756 1964 763 ·

468 816 825 889 ·',amicitiae‚
849 816 913 875 &
939 812 1435 873 consummatione
1464 810 1676 871 eve&ae
1708 814 1766 870 in
1803 812 1885 871 al-

529 889 814 969 tissimum
849 912 1267 976 paternumque
1303 890 1587 974 fastigium
1623 894 1884 974 imaginis

533 974 788 1044 defectus
837 973 936 1035 est.
987 972 1263 1055 Quorum
1300 977 1559 1052 virorum
1605 976 1883 1033 mentioni

537 1060 584 1117 si
623 1059 746 1138 quis
785 1058 1053 1137 quaesisse
1096 1076 1191 1114 me
1230 1055 1380 1115 dicet
1417 1053 1611 1113 locum
1642 1101 1661 1129 ‚
1693 1052 1885 1113 faten-

485 1128 654 1213 ''tem
683 1154 880 1219 arguet
907 1157 920 1194 ε
958 1156 1145 1216 neque
1182 1138 1338 1195 enim
1366 1132 1545 1215 justus
1576 1136 1698 1195 sine
1725 1155 1887 1195 men-

536 1216 703 1284 dacio
740 1216 954 1297 candor
986 1216 1141 1297 apud
1174 1216 1363 1276 bonos
1402 1217 1625 1275 crimini
1661 1214 1763 1276 est.

511 1362 520 1369 ,
640 1294 927 1357 CXVII.
951 1294 1205 1357 Tantum
1229 1296 1389 1377 quod
1413 1296 1673 1356 ultimam
1695 1298 1889 1376 impo-

534 1377 720 1443 suerat
739 1376 1071 1443 Pannonico
1090 1400 1154 1437 ac
1172 1376 1678 1457 Dalmatico-bello
1698 1374 1889 1437 Caesar

495 1463 500 1467 ’
533 1480 803 1531 manum,
832 1479 1051 1541 quum,
1074 1460 1219 1517 intra
1239 1462 1490 1541 quinque
1513 1456 1889 1519 consummati

467 1544 496 1567 ⁸
533 1542 675 1601 tanti
714 1542 908 1620 operis
951 1540 1131 1613 dies,
1176 1538 1412 1600 funestae
1456 1560 1531 1600 ex
1578 1538 1891 1600 Germania

506 1618 798 1703 'epistolae
819 1666 837 1691 ,
873 1623 1004 1680 caesi
1036 1620 1219 1695 Vari,
1255 1621 1775 1701 trucidatarumque
1809 1619 1891 1679 le-

505 1700 510 1705 ’
535 1706 772 1783 gionum
799 1702 970 1761 trium
989 1747 1009 1775 ‚
1031 1701 1393 1784 totidemque
1424 1702 1637 1761 alarum
1659 1746 1677 1775 ,
1704 1700 1767 1761 &
1790 1698 1891 1761 sex

535 1782 867 1843 cohortium
900 1802 914 1842 ε
952 1782 1115 1842 velut
1154 1784 1213 1842 in
1254 1783 1367 1844 hoc
1410 1782 1610 1843 saltem
1646 1798 1890 1841 tantum—

511 1863 721 1943 ·modo
761 1859 1092 1943 indulgente
1132 1862 1301 1923 nobis
1336 1863 1588 1923 Fortuna
1615 1906 1637 1937 ,
1676 1883 1751 1923 ne
1788 1883 1891 1924 oc-

509 1960 746 2025 -cupato
780 1943 946 2004 duce.
982 1942 1057 2003 Et
1094 1942 1255 2003 causa
1290 1946 1356 2005 &
1387 1942 1627 2025 persona
1662 1963 1891 2023 moram

537 2026 730 2106 exigit.
791 2020 979 2083 Varus
1036 2022 1386 2102 Quinffllius
1447 2023 1648 2085 illustri
1707 2026 1891 2107 magis

510 2105 710 2186 'quam
763 2106 948 2165 nobili
1001 2122 1162 2166 ortus
1206 2104 1423 2167 familia
1446 2150 1466 2180 ,
1520 2109 1613 2166 vir
1656 2107 1893 2187 ingenio

532 2188 692 2247 mitis
723 2230 742 2261 ,
785 2187 1051 2258 ,moribus
1104 2186 1331 2268 quietus
1359 2232 1384 2259 ‚
1426 2204 1491 2247 ut
1532 2207 1778 2267 corpore
1824 2186 1894 2247 ὅ(

511 2261 729 2327 *animo
769 2266 1166 2339 immobilior,
1200 2271 1322 2329 otio
1362 2269 1541 2349 magis
1570 2264 1893 2327 'castrorum

509 2348 710 2429 ,quarn
756 2347 981 2407 bellicae
1024 2344 1262 2423 ass'uetus
1302 2347 1525 2421 ‚militiae
1562 2368 1581 2421 3
1627 2349 1895 2425 pecuniae

533 2424 696 2489 vero
733 2427 907 2507 quam
955 2448 1073 2487 non
1118 2445 1485 2508 contemptor
1513 2470 1533 2499 ,
1584 2424 1756 2507 Syria
1798 2429 1893 2489 cui

533 2508 840 2589 praefuerat
875 2508 1188 2567 declaravit
1218 2529 1238 2582 3
1274 2528 1447 2589 quam
1484 2528 1701 2589 pauper
1739 2508 1893 2569 divi-

535 2608 654 2647 tem
704 2586 1020 2669 ingressu5‚
1060 2586 1227 2649 dives
1277 2610 1594 2671 pauperem
1638 2588 1890 2669 reliquit.

534 2666 588 2731 Is
622 2690 797 2749 quum
828 2670 1102 2729 exercitui
1128 2714 1148 2743 ,
1178 2671 1275 2751 qui
1308 2689 1426 2730 erat
1460 2672 1519 2730 in
1543 2668 1887 2737 Germania,

460 2772 464 2777 ·
517 2748 789 2833 ‚praeesset
809 2794 828 2825 ,
862 2752 1133 2832 concepit
1164 2748 1275 2813 esse
1308 2752 1573 2814 homines
1612 2750 1708 2833 qui
1744 2746 1887 2819 nihil
