2067 3667
555 307 832 378 Hlsr.
882 304 1185 378 Lirem
1232 311 1343 379 ΙΙ.
1476 331 1603 408 1¹5

258 425 374 488 rius
397 471 418 502 ‚
587 445 648 486 m
696 425 1255 488 obscoenissimarum
1305 445 1497 488 rerum
1544 431 1609 492 δι

259 507 458 568 3,υᾶοτ
574 507 825 568 minister
842 529 1072 590 ‚quum
1102 511 1158 567 in
1178 510 1371 568 omnia
1390 511 1453 570 &
1480 527 1613 568 om-

262 588 430 649 nibus
453 589 674 650 venalis
691 633 712 661 ‚
731 609 911 670 quum
937 589 1279 649 coeruleatus
1301 591 1363 650 &
1389 589 1607 664 nudus,

256 685 546 750 caputque
595 669 888 729 redimitus
933 671 1211 730 arundine
1254 671 1319 731 &
1368 669 1609 731 caudam

255 750 490 810 trahens
513 795 532 824 ,
571 752 810 832 genibus
842 752 1066 810 innixus
1098 749 1389 812 Glaucum
1420 749 1612 811 saltas-

251 827 339 890 set
358 873 378 902 ‚
406 832 466 890 in
499 833 778 892 convivio
805 831 1161 913 refrigeratus
1196 831 1267 890 ab
1301 830 1565 892 Antonio
1584 875 1607 904 ‚

254 909 336 971 ob
362 910 782 972 manifestarum
808 914 1132 994 rapinarum
1156 913 1364 972 indicia
1382 957 1402 985 ‚
1425 928 1609 971 trans-

254 990 402 1073 fugit
439 991 512 1052 ad
558 990 842 1052 Caesarem
877 1013 891 1050 ε
931 993 998 1054 δι
1038 993 1195 1052 idem
1239 991 1439 1072 postea
1476 993 1607 1052 cle·

252 1075 530 1133 mentiam
561 1071 798 1134 νίἃοτίε
825 1093 932 1152 pro
965 1071 1061 1132 sua
1080 1076 1293 1132 virtute
1326 1074 1607 1154 interpre-

250 1153 476 1213 tabatur
495 1176 515 1228 ;
537 1152 792 1213 diEiitans
813 1195 832 1225 ,
859 1151 920 1212 id
948 1151 1254 1234 probatum
1285 1174 1317 1211 a
1340 1151 1565 1212 Caesare
1584 1197 1604 1228 ‚

249 1236 344 1293 cui
387 1234 486 1295 ille
519 1236 835 1316 ignoverat.
877 1231 1049 1292 Hunc
1086 1253 1223 1294 mox
1259 1233 1605 1293 avunculum

251 1311 440 1375 Titius
483 1316 730 1375 imitatus
770 1311 872 1374 est.
913 1312 1087 1374 Haud
1124 1311 1363 1374 absurde
1399 1312 1491 1374 Co
1536 1335 1606 1372 οι·-

250 1397 380 1455 nius
418 1396 508 1457 vir
542 1415 575 1455 e
613 1396 894 1476 praetoriis
933 1396 1300 1476 gravissimus
1327 1440 1346 1468 ‚
1377 1394 1441 1455 P.
1523 1395 1605 1455 ilii

248 1473 448 1548 socer,
470 1497 646 1558 quum
670 1493 868 1537 recens
897 1473 1183 1558 transfuga
1204 1475 1381 1534 multa
1408 1495 1473 1534 ac
1498 1495 1607 1535 ne·-

247 1554 421 1616 fanda
465 1557 700 1617 Plancus
747 1555 962 1616 absenti
999 1553 1263 1614 Antonio
1301 1559 1359 1614 in
1406 1553 1603 1616 senatu

249 1635 533 1713 Obiiceret
567 1659 582 1698 ε
617 1637 808 1696 Multa
832 1681 852 1711 ,
885 1637 1109 1716 inquit,
1134 1637 1446 1694 mehercules
1460 1633 1605 1714 ficit

249 1719 536 1778 Antonius
561 1721 734 1798 pridie
752 1763 772 1790 ,
811 1717 973 1797 qudm
997 1735 1058 1776 tu
1086 1717 1242 1776 illum
1271 1718 1599 1795 relinqueres.

331 1796 711 1859 LXXXIV.
754 1796 979 1858 Caesare
1017 1796 1225 1856 deinde
1257 1797 1321 1862 &
1348 1795 1609 1861 Messalla

248 1875 514 1939 Corvino
549 1878 874 1940 consulibus
910 1877 1258 1937 debellatum
1291 1879 1447 1959 apud
1478 1877 1601 1939 Ac-

245 1959 392 2018 tium
416 2003 435 2031 ‚
471 1960 570 2018 ubi
617 1961 790 2042 longe
831 1976 1141 2040 antequam
1190 1959 1555 2020 dimicaretur
1580 2002 1599 2032 ,

246 2057 318 2098 ex
363 2039 704 2098 loratissima
764 2039 1111 2100 Iulianarum
1184 2042 1425 2122 partium
1490 2039 1599 2100 fuit

243 2060 500 2178 vigona.
531 2119 782 2200 Vigebat
803 2121 860 2176 in
889 2120 992 2178 hac
1027 2138 1189 2201 parte
1226 2120 1393 2180 miles
1422 2136 1597 2202 atque

242 2199 558 2279 imperator
593 2241 612 2269 ‚
660 2198 756 2256 illa
801 2200 1130 2260 marcebant
1178 2203 1367 2259 omnia
1406 2221 1419 2258 ε
1461 2201 1595 2260 hinc

240 2281 490 2362 remiges
525 2275 874 2350 firmissimi,
899 2281 1051 2340 illinc
1084 2281 1281 2360 inopia
1309 2279 1596 2342 affeffissi-

241 2361 359 2419 mi:
385 2361 622 2419 navium
649 2358 780 2419 hinc
811 2362 1145 2440 magnitudo
1170 2361 1396 2422 modica
1412 2405 1431 2432 ‚
1456 2381 1593 2420 cum

242 2438 573 2513 celeritate,
605 2439 838 2500 adversa
867 2440 1185 2521 illa'specie
1218 2461 1337 2502 erat
1372 2442 1602 2500 terribi-'

241 2519 350 2578 lior
387 2543 403 2578 .-
435 2520 565 2580 hinc
603 2521 676 2580 ad
713 2521 1037 2592 Antonium
1073 2543 1249 2583 nemo
1272 2567 1290 2595 ,
1326 2522 1479 2581 illinc
1517 2521 1592 2582 ad

246 2597 532 2660 Caesarem
583 2602 842 2683 quotidie
899 2603 1074 2683 aliqui
1125 2603 1589 2685 transfugiebant.

239 2678 514 2761 Denique
563 2683 622 2740 in
663 2703 764 2742 ore
807 2699 978 2762 atque
1019 2682 1202 2741 oculis
1244 2682 1590 2744 Antonianae

239 2761 433 2824 classis
458 2782 564 2846 per
593 2761 860 2824 Marcum
883 2763 1205 2845 Agrippam
1236 2763 1455 2826 Leucas
1486 2783 1593 2824 ex-
