2067 3667
515 271 1082 346 ’ΖΙ-ΒΗΚ
1179 261 1295 347 L·
1503 301 1599 380 ας

252 389 571 454 Romulum
625 391 913 456 affirmans
960 439 979 469 ‚
1037 394 1362 478 augustiore
1413 394 1607 459 forma

253 472 427 554 quam
469 472 651 536 fuiffet
696 497 711 534 τ
756 477 1031 536 mandare
1077 495 1354 558 praeterea
1383 522 1402 552 ‚
1445 495 1508 538 ut
1546 478 1606 539 se

249 575 361 636 pro
394 558 627 614 numine
660 559 1023 640 acciperent:
1050 561 1334 639 Quirinum
1361 561 1418 618 in
1446 559 1602 620 coelo

173 662 184 670 ’
248 637 446 731 voc-ari
486 637 761 718 placitum
808 639 934 700 diis.
978 638 1066 699 Ita
1110 641 1370 722 gentium
1412 639 1607 702 Roma

246 734 553 798 potiretur.

330 1089 338 1094 ᾖ
554 993 1056 1064 CAPUT
1156 997 1287 1064 11.

385 1137 513 1188 DE
586 1135 865 1187 NUMA
938 1133 1460 1190 POMPILJO.

248 1231 672 1345 SUCCEDIT
712 1277 967 1337 Romulo
998 1275 1194 1338 Numa
1239 1279 1595 1362 Pompilius:

244 1381 421 1444 quem
454 1357 699 1422 Curibus
723 1357 944 1418 Sabinis
978 1377 1246 1442 agentem
1266 1403 1285 1432 ,
1321 1361 1468 1432 ultro
1537 1383 1600 1422 e-

238 1445 467 1515 tivere,
505 1441 585 1500 ob
622 1441 901 1521 inclytam
937 1443 1050 1502 viri
1093 1440 1448 1522 religionem.
1489 1383 1595 1504 ille

239 1521 389 1583 sacra
413 1566 433 1595 ‚
454 1523 519 1583 &
556 1523 919 1581 caeremonias
943 1567 962 1595 ,
992 1541 1346 1604 omnemque
1376 1523 1598 1582 cultum

240 1605 485 1664 deorum
524 1601 933 1662 immortalium
977 1601 1176 1660 docuit
1213 1623 1227 1659 ε
1259 1603 1366 1660 ille
1394 1602 1598 1661 Ponti·-

240 1681 381 1744 fices
405 1729 423 1755 ‚
459 1683 553 1743 Au
596 1701 723 1741 ures
745 1725 767 1752 ,
798 1679 983 1740 Salios
1004 1726 1021 1750 ‚
1054 1698 1360 1762 ceteraque
1393 1683 1596 1764 populi

239 1765 490 1826 Romani
544 1703 856 1822 {acerdotia
898 1781 917 1833 ;
988 1782 1198 1820 annum
1249 1784 1366 1843 quo
1411 1783 1481 1822 ue
1534 1765 1595 1822 in

236 1845 553 1906 duodecim
585 1843 805 1903 menses
830 1887 849 1912 ,
872 1839 1046 1901 fastos
1082 1843 1203 1901 dies
1233 1783 1410 1902 nefal}

238 1927 555 2008 descripsit.
599 1923 705 1984 Ille
746 1923 969 1983 Ancilia
1016 1941 1186 2004 atque
1233 1923 1544 1983 Palladium
1570 1965 1594 1996 9

236 2006 451 2068 secreta
482 2006 745 2087 quaedam
781 2006 1009 2084 imperii
1044 2007 1323 2086 pignora3
1361 2004 1595 2064 Ianum-

238 2109 350 2169 que
394 2089 729 2170 geminum‚
770 2084 946 2143 fidem
989 2088 1146 2164 pacis
1187 2105 1252 2143 ac
1295 2084 1432 2143 belli
1472 2105 1490 2156 ;
1531 2087 1592 2143 in

235 2171 437 2252 primis
474 2165 668 2226 focum
697 2163 891 2224 Vestae
924 2165 1243 2246 virginibus
1279 2164 1593 2224 colendum

238 2249 399 2310 dedit
428 2271 445 2322 ;
484 2264 545 2306 ut
578 2247 653 2306 ad
690 2247 1052 2305 simulacrum
1083 2242 1398 2304 coelestium
1435 2246 1592 2304 side·-

236 2349 364 2392 rum
400 2329 589 2390 custos
625 2329 849 2407 imperii
878 2326 1109 2384 flamma
1133 2325 1414 2406 vigilaret.
1441 2325 1586 2385 Haec

238 2414 430 2472 omnia
482 2411 640 2492 quasi
688 2409 915 2468 monitu
966 2406 1092 2466 deae
1145 2405 1362 2487 Egeriae
1396 2449 1420 2478 ‚‚
1465 2407 1588 2489 qub

236 2494 418 2574 magis
448 2490 682 2552 Barbari
721 2491 1068 2570 acciperent.
1099 2486 1188 2548 Εὸ
1223 2487 1470 2568 denique
1502 2485 1592 2547 fe·

235 2591 438 2632 rocem
482 2571 759 2653 populum
795 2570 1018 2652 redegit
1049 2613 1068 2643 ‚
1118 2585 1185 2628 ut
1221 2568 1379 2651 quod
1418 2569 1478 2627 vi
1521 2569 1586 2628 δι’

234 2652 443 2732 injuria
485 2668 871 2732 occupaverat
911 2651 1218 2732 imperium
1249 2694 1269 2725 ,
1311 2649 1587 2732 religione

234 2748 407 2818 atque
442 2731 652 2818 justitia
689 2732 1048 2815 gubernaret.

1415 1842 1594 1924 osque
