2067 3667
488 314 591 393 92
744 296 821 371 L..
868 297 1235 367 ANNAEI
1283 298 1591 365 oniu

499 436 624 479 ram
655 417 843 492 vellet·
869 418 935 479 ὅ(
967 417 1090 477 sine
1123 417 1464 499 exceptione
1495 410 1866 485 vifioriam3

502 499 577 558 eb
620 499 1023 557 necessitatum
1070 497 1354 575 compulsi
1391 538 1410 567 ,
1449 496 1701 574 primum
1725 538 1747 567 ,-
1794 512 1862 555 ut

501 576 773 639 destinata
795 594 985 638 morte
1007 580 1066 636 in
1085 576 1354 657 proelium
1374 594 1607 635 ruerent
1626 620 1642 645 ,
1669 596 1858 657 quum

500 656 618 720 sese
666 661 821 739 prius
858 658 1042 738 epulis
1073 700 1096 729 ,
1141 658 1302 737 quasi
1342 654 1554 715 inferiis
1589 698 1610 726 ,
1645 655 1858 735 imple-

498 736 702 799 vissent
727 782 746 811 ,
786 739 967 796 carnis
1003 737 1337 797 semicrudae
1369 782 1386 805 ,
1422 736 1485 795 &
1522 736 1684 795 celiae
1714 758 1728 795 t
1771 736 1854 795 sic

500 834 713 877 vocant
745 818 1067 899 indigenam
1097 837 1168 876 ex
1201 816 1493 877 frumento
1523 818 1853 897 potionem.
1929 852 1934 858 ·

502 895 861 958 IntelleEium
895 900 965 958 ab
992 899 1339 977 imperatore
1379 896 1722 955 consilium:
1750 897 1857 956 ita-

544 998 787 1050 uelnon
839 976 921 1038 est
973 975 1238 1059 permissa
1295 997 1487 1057 pugna
1541 978 1854 1038 morituris·

502 1000 714 1136 Quum
757 1056 901 1118 foss'a
936 1102 955 1131 ,
997 1077 1168 1137 atque
1216 1057 1396 1117 lorica
1421 1099 1440 1128 ,
1491 1072 1852 1139 quatuorque

504 1136 695 1199 castris
731 1136 1125 1199 ‘circumdatos
1167 1135 1348 1197 fames
1395 1153 1687 1217 premeret
1711 1180 1732 1211 ,
1779 1138 1852 1197 ab

504 1218 651 1279 duce
682 1236 909 1279 orantes
944 1216 1215 1297 proelium
1237 1261 1260 1291 ‚
1281 1234 1340 1276 ut
1366 1234 1658 1299 tamquam
1690 1218 1854 1277 viros

502 1299 796 1357 occideret
826 1344 848 1371 ,
886 1298 983 1357 nbi
1021 1319 1142 1376 non
1187 1298 1568 1378 impetrabant
1589 1340 1612 1369 ,
1641 1298 1856 1379 placuit

502 1379 747 1457 eruptio·
780 1377 871 1437 Sic
902 1377 1160 1438 conserta
1181 1398 1352 1437 manu
1383 1378 1614 1457 plurimi
1640 1380 1849 1439 occisi:

503 1458 571 1518 &
604 1478 779 1539 quum
814 1479 880 1517 ur
918 1476 1040 1517 eret
1075 1456 1296 1531 fames»,
1327 1457 1728 1545 aliquantisper
1766 1461 1858 1518 in-

502 1538 579 1599 de
612 1540 834 1600 vixere.
931 1539 1208 1599 ovissime
1241 1538 1544 1599 consilium
1579 1537 1728 1621 fugae
1763 1538 1859 1599 se-

503 1619 587 1679 dit
629 1639 644 1679 :
692 1618 790 1679 sed
838 1619 951 1679 hoc
1004 1637 1241 1701 quoque
1277 1662 1297 1690 ‚
1342 1621 1520 1700 ruptis
1570 1639 1859 1700 equorum

502 1699 743 1781 cingulis
766 1744 786 1773 ,
824 1720 1032 1759 uxores
1068 1700 1336 1759 ademere
1361 1744 1380 1771 ‚
1413 1698 1639 1761 summo
1679 1697 1861 1759 scele-

503 1799 603 1849 re,
635 1800 739 1857 per
772 1800 1052 1839 amorem.
1091 1779 1287 1861 Itaque
1324 1778 1628 1861 deplorato
1659 1782 1858 1855 exitu,

504 1858 564 1917 in
602 1858 855 1917 ultimam
889 1860 1106 1919 rabiem
1137 1859 1508 1942 furoremque
1545 1864 1860 1934 conversi,

546 1935 797 1998 ostremb
855 1942 1004 1999 mori
1056 1940 1168 2000 hoc
1221 1960 1433 2023 genere
1487 1940 1864 2005 destinarunt.

503 1959 705 2079 buces
753 2017 882 2079 suos
917 2063 937 2092 ‚
984 2016 1156 2101 seque
1192 2067 1208 2089 ,
1252 2024 1491 2101 patriam
1534 2042 1649 2095 ue,
1693 2021 1859 2083 ferro

504 2101 571 2161 &
632 2120 865 2161 veneno
914 2144 935 2173 ,
985 2099 1354 2182 subjectoque
1414 2044 1667 2183 undique
1719 2104 1859 2184 igne

501 2197 889 2268 peremerunt.
924 2180 1115 2243 Macie
1148 2179 1519 2244 ‚fortissimam
1553 2226 1572 2253 ‚
1613 2183 1678 2243 δι.
1713 2204 1861 2245 meo

500 2260 715 2339 judicio
756 2252 1145 2321 beatissimam
1186 2265 1243 2321 in
1277 2264 1295 2321 i
1341 2264 1414 2322 sis
1451 2263 1617 2322 malis
1653 2264 1864 2323 civita-

502 2356 624 2399 tem
659 2340 675 2400 !
706 2339 927 2402 afferuit
966 2364 1100 2402 cum
1137 2339 1255 2402 fide
1297 2284 1481 2403 Pocios
1514 2386 1534 2414 ,
1569 2344 1864 2423 populum

504 2419 662 2480 orbis
710 2436 995 2481 terrarum
1041 2423 1255 2483 viribus
1320 2421 1530 2483 fultum
1575 2422 1670 2485 sua
1715 2445 1863 2485 ma-

502 2520 581 2559 nu
607 2541 626 2570 ,
650 2516 818 2561 aetate
852 2517 968 2561 tam
1006 2501 1179 2583 longa
1215 2500 1482 2563 sustinuit.
1514 2502 1868 2566 Novissime
1897 2534 1908 2537 -

500 2580 755 2639 maximo
808 2580 955 2641 duce
1012 2580 1278 2663 oppreffa
1334 2585 1537 2645 civitas
1565 2628 1589 2657 ,
1631 2585 1872 2645 nullum-

501 2658 575 2718 de
616 2656 673 2719 se
714 2662 982 2741 gaudium
1020 2661 1168 2722 hosti
1205 2663 1450 2745 reliquit.
1489 2664 1658 2725 Unus
1699 2669 1868 2727 enim

502 2741 592 2805 vir
620 2737 1003 2807 Numantinus
1036 2764 1162 2807 non.
1189 2741 1296 2807 fuit
1329 2788 1354 2819 ‚
1397 2746 1496 2829 qui
1535 2746 1600 2807 in
1637 2746 1880 2809 catenis
