2067 3667
626 250 1074 325 LGza
1175 254 1348 325 Ῑ.-”
1511 277 1594 351 13

246 367 551 447 educatus,
579 376 796 434 moenia
824 394 993 435 novae
1012 374 1167 435 urbis
1193 374 1456 457 agitabat.
1479 372 1606 437 Ge-

244 457 387 515 mini
412 471 569 515 erant
593 477 607 515 :
639 474 767 515 uter
798 454 1183 535 auspicaretur
1201 500 1220 529 ,
1246 457 1312 517 δι
1339 472 1606 537 regeret,

245 536 517 595 adhibere
570 535 782 617 placuit
822 534 1011 596 Deos;
1067 535 1284 596 Remus
1342 554 1607 597 montem

243 614 605 682 Aventinum
629 660 648 689 ‚
676 617 769 675 hic
799 616 1113 676 Palatinum
1143 634 1411 695 occupat.
1436 615 1602 675 Prior

242 697 343 756 ille
376 696 475 756 sex
508 698 805 769 vultures,
840 696 931 757 hic
966 696 1168 778 postea
1193 742 1212 771 ‚
1241 695 1342 756 sed
1377 697 1606 756 duode-

242 778 359 837 cim
392 777 573 839 videt.
617 776 713 837 Sic
750 776 930 837 vietor
972 780 1212 859 augurio
1254 777 1458 837 urbem
1498 798 1604 837 ex·-

242 860 419 931 citat,
462 858 665 939 plenus
710 856 879 939 spei,
916 858 1273 919 bellatricem
1321 858 1468 918 fore.
1515 857 1608 917 Ita

244 939 331 999 illi
372 937 593 999 assuetae
626 938 897 1019 sanguine
936 941 1000 999 &
1028 938 1224 1019 praeda
1257 959 1391 999 aves
1469 938 1606 998 olli-

248 1019 544 1079 cebantur.
562 1018 664 1076 Ad
686 1019 927 1077 tutelam
956 1040 1130 1079 novae
1159 1018 1315 1077 urbis
1348 961 1607 1079 sufficere
1644 1029 1650 1035 ’

248 1098 469 1159 vallum
506 1097 808 1158 videbatur
843 1120 856 1157 :
896 1097 1057 1178 cujus
1091 1098 1228 1157 dum
1265 1100 1461 1159 irridet
1505 1120 1610 1161 an-

290 1177 457 1237 ustias
489 1177 749 1251 Remus,
784 1177 959 1260 idque
1002 1182 1158 1237 incre
1203 1195 1258 1237 at
1287 1178 1422 1238 saltu
1448 1224 1466 1251 ,
1499 1180 1609 1239 du·-

249 1198 417 1319 {ium
457 1279 527 1317 an
566 1256 711 1336 juffu
754 1257 939 1319 fratris
960 1302 981 1331 ‚
1020 1201 1236 1319 occiffis
1279 1257 1378 1319 est.
1423 1259 1610 1320 Prima

252 1340 409 1399 certe
454 1337 685 1400 viffima
728 1338 833 1400 fuit
856 1384 877 1413 ,
916 1342 1408 1421 munitionemque
1453 1342 1612 1401 urbis

247 1440 422 1481 novae
459 1418 725 1502 sanguine
758 1419 861 1481 suo
894 1419 1270 1481 consecravit.
1293 1420 1612 1503 Imaginem

248 1501 406 1561 urbis
440 1504 619 1582 magis
656 1500 829 1582 quam
862 1500 1070 1561 urbem
1099 1500 1316 1562 fecerat
1349 1524 1366 1562 ε
1401 1503 1610 1561 incolae

250 1582 507 1643 deerant.
556 1580 695 1641 Erat
740 1584 801 1641 in
848 1584 1122 1662 proximo
1177 1582 1336 1642 lucus
1390 1605 1404 1642 ε
1455 1584 1610 1642 hunc

249 1662 503 1743 Asylum
552 1661 686 1721 facit
712 1706 731 1733 ‚
774 1664 839 1722 &
876 1660 1060 1721 statim
1096 1663 1244 1721 mira
1287 1662 1376 1721 vis
1418 1662 1611 1722 homi·-

249 1764 433 1813 num,
468 1742 688 1811 Latini,
718 1740 1009 1823 Tuscique
1047 1740 1338 1822 pastores:
1374 1744 1609 1823 quidam

252 1826 427 1884 etiam
444 1821 799 1882 transmarini
821 1845 839 1895 ;
858 1823 1117 1963 Phryges
1143 1825 1242 1905 qui
1264 1821 1364 1883 sub
1381 1824 1566 1883 AEnea
1583 1866 1605 1895 ‚

248 1903 511 1965 Arcades
558 1904 655 1983 qui
700 1902 797 1963 sub
824 1904 1003 1983 ‘Evan
1049 1925 1113 1963 ro
1167 1903 1317 1963 duce
1363 1904 1611 1964 influxe-

252 2001 397 2045 rant.
432 1984 517 2045 Ita
544 2005 615 2043 ex
634 1986 809 2045 variis
838 1986 997 2067 quasi
1031 1984 1333 2044 elementis
1365 2005 1608 2067 congre-

253 2067 411 2149 gavit
444 2084 652 2145 corpus
678 2085 857 2125 unum
894 2086 915 2139 3
952 2064 1347 2145 populumque
1383 2064 1608 2127 Roma-

254 2166 395 2207 num
426 2144 541 2225 ipse
572 2142 727 2209 fecit.
760 2143 879 2203 Res
913 2162 1033 2205 erat
1057 2146 1222 2203 unius
1257 2147 1434 2205 aetatis
1454 2190 1472 2219 ‚
1543 2167 1611 2205 o·

253 2228 423 2309 pulus
460 2228 742 2286 virorum'.
777 2222 979 2305 Itaque
1016 2226 1382 2285 matrimonia
1415 2246 1448 2285 a
1521 2228 1612 2285 ni·-

253 2309 411 2369 timis
462 2307 641 2388 petita
689 2328 708 2379 3
758 2306 891 2386 quia
949 2326 1068 2365 non
1121 2304 1610 2385 impetrabantur,

256 2408 431 2449 manu
472 2404 637 2469 capta
678 2386 823 2447 sunt.
870 2384 1152 2447 Simulatis
1199 2388 1338 2467 quip
1380 2407 1413 2446 e
1457 2387 1610 2449 ludis

260 2466 953 2549 equestribus‚virgines‚
1016 2486 1106 2527 uae
1123 2467 1196 2527 ad
1221 2464 1318 2547 spe
1377 2468 1606 2527 aculum

260 2564 534 2609 venerant
547 2590 568 2619 ,
588 2548 783 2627 praeda
798 2547 979 2607 fue-re.
1053 2565 1076 2608 t
1095 2548 1216 2607 haec
1242 2546 1426 2607 statim
1447 2546 1612 2607 caufit

260 2628 567 2691 bellorum.
602 2627 753 2688 Pulsi
790 2626 1084 2709 fugatique
1116 2626 1392 2687 Veientes
1425 2650 1441 2688 t
1473 2626 1614 2689 Cae-

260 2710 581 2775 ninensium
598 2724 831 2791 captum
853 2728 919 2771 ac
942 2706 1290 2779 dnutmaest
1305 2709 1616 2793 oppidum
