2067 3667
480 288 668 359 Hrs
692 308 760 359 T.
811 290 1120 371 Llsszzrt
1170 293 1283 363 II.
1439 314 1545 383 4¹-

181 405 450 470 universa
479 406 634 469 Italia
655 452 676 480 ‚
711 428 887 491 quum
920 409 980 469 id
1017 410 1233 471 malurn
1258 412 1337 472 ab
1360 409 1543 475 Ascu-
1582 452 1591 459 -

180 490 328 549 lanis
372 506 564 550 ortum
615 488 750 549 effer
792 486 1057 573 [quippe
1090 490 1356 553 Servium
1393 514 1537 573 prae-

179 586 374 629 torem
410 570 830 651 Fonteiumque
871 570 1122 652 legatum
1163 572 1539 655 occiderant]

180 672 246 711 ac
282 650 495 710 deinde
531 671 564 708 a
599 649 808 709 Marsis
846 668 1151 733 exceptum
1176 696 1197 725 ,
1232 656 1290 713 in
1330 674 1537 715 omnes

179 728 521 813 penetrasset
556 733 820 812 regiones
851 774 871 804 ,
909 752 1063 791 arma
1102 732 1379 796 adversus
1416 734 1545 795 Ro·

180 832 384 873 manos
422 812 572 891 cepit
603 833 624 884 3
665 831 913 890 quorum
955 829 1018 871 ut
1060 810 1289 875 fortuna
1328 832 1489 875 atrox
1510 860 1535 887 ,

179 892 256 951 ita
273 890 440 951 causa
457 890 562 951 fuit
582 889 884 970 justissima
901 914 919 966 ;
938 892 1211 973 petebant
1231 896 1386 955 enirn
1407 916 1537 955 eam

178 974 480 1033 civitatem
501 1013 519 1041 ,
554 968 716 1050 cujus
740 974 1053 1053 ‘imperium
1084 976 1253 1033 armis
1286 975 1539 1035 tueban-

181 1069 271 1113 tur
291 1074 307 1113 ε
331 1072 439 1133 per
469 1072 672 1111 omnes
709 1073 890 1111 annos
921 1071 1091 1134 atque
1116 1056 1313 1113 omnia
1344 1054 1493 1115 bella
1512 1099 1537 1128 ‚
1634 1121 1641 1125 ⁷

181 1132 403 1215 duplici
419 1152 664 1222 numerq-
683 1130 740 1191 se
761 1133 1007 1192 militum
1020 1136 1393 1217 equitumque
1414 1134 1545 1195 fun·

183 1216 276 1297 gi,
309 1234 504 1295 neque
525 1216 582 1273 in
615 1234 739 1291 ejus
767 1214 1011 1274 civitatis
1046 1212 1132 1291 jus
1164 1218 1381 1295 recipi,
1412 1237 1543 1298 quae

183 1316 287 1378 per
302 1316 410 1355 eos
428 1292 744 1375 inidipsum
805 1292 1105 1355 erveniss'et
1120 1294 1242 1355 fasti
1280 1298 1553 1378 ium,pet.

184 1376 346 1457 quod
371 1376 634 1435 homines
656 1372 706 1452 ej
775 1374 910 1434 dem
933 1376 996 1437 &
1019 1379 1200 1459 gentis
1224 1316 1289 1437 ξ
1321 1376 1413 1437 san
1456 1380 1541 1437 ui-
1579 1420 1587 1423 -

183 1458 270 1516 nis
287 1503 306 1530 ,
322 1473 392 1516 ut
412 1472 676 1517 externos
697 1454 1047 1538 alienosque,
1064 1456 1313 1516 fastidire
1333 1480 1411 1548 po
1459 1474 1541 1521 et.

183 1536 252 1597 Id
283 1537 508 1597 bellum
544 1536 788 1615 amplius
823 1554 1079 1597 trecenta
1121 1538 1299 1598 millia
1338 1558 1546 1617 juven-

184 1620 320 1679 tutis
340 1616 560 1677 ‘Italicae
593 1616 832 1677 abstulit.
855 1614 1172 1677 Clarissimi
1204 1634 1400 1677 autem
1436 1620 1547 1677 im·

231 1716 484 1759 eratores
521 1697 752 1759 fuerunt
787 1696 1037 1757 Romani
1073 1719 1145 1757 eo
1185 1698 1346 1758 bello
1374 1743 1393 1771 ,
1424 1696 1541 1761 Cn.

233 1780 494 1859 ompeius
529 1823 549 1851 ‚
593 1776 708 1839 Cn.
765 1777 1024 1864 Pompeii
1074 1776 1275 1859 Magni
1328 1794 1487 1858 pater
1518 1822 1542 1855 ,

187 1857 260 1921 C.
289 1858 510 1919 Marius
525 1905 545 1933 ‚
577 1859 650 1919 de
675 1880 792 1940 quo
868 1859 1195 1919 raediximus
1216 1904 1235 1932 ,
1256 1858 1321 1919 L.
1344 1856 1495 1919 Sulla
1514 1894 1540 1935 ,-

185 1962 338 2001 anno
382 1942 509 2001 ante
595 1942 795 2014 raeturii
826 1882 1047 1999 &unstus
1071 1983 1091 2011 ,
1118 1938 1204 2017 Q.
1233 1938 1540 2012 Metellus,

186 2019 484 2082 Numidici
569 2022 674 2081 lius
708 2064 726 2091 ‚
767 2023 860 2101 qui
907 2022 1175 2081 meritum
1216 2040 1545 2101 cognomen
1587 2060 1595 2079 .

187 2100 266 2163 Pii
299 2100 642 2161 consecutus
675 2120 815 2161 erat.
859 2099 1100 2182 Quippe
1134 2099 1429 2179 expulsum
1460 2102 1549 2159 ci·
1588 2136 1595 2143 ·

188 2186 369 2244 vitate
389 2203 422 2241 a
443 2182 509 2243 L.
535 2179 838 2241 Saturnino
867 2182 1095 2241 tribuno
1128 2180 1311 2261 plebis
1328 2225 1347 2254 ,
1382 2179 1544 2260 qubd

185 2262 340 2323 solus
381 2265 440 2321 in
483 2262 638 2344 leges
679 2261 802 2341 ejus
849 2259 1032 2339 jurare
1068 2261 1331 2321 noluerat
1355 2303 1373 2331 ,
1415 2262 1545 2340 pie·-
1586 2296 1595 2303 -

183 2360 298 2405 tate
335 2341 468 2416 sua,
499 2342 830 2403 anaoritate
855 2340 1071 2401 senariis
1092 2386 1111 2413 ‚
1133 2338 1401 2400 consensu
1434 2342 1543 2400 rei·
1587 2380 1595 2389 -

187 2425 434 2503 publicae
457 2468 477 2497 ‚
519 2422 756 2485 restituit
797 2428 1034 2504 patrem.
1078 2421 1207 2481 Nec
1247 2421 1547 2502 triumphis

187 2502 616 2586 honoribusque
637 2550 658 2580 ‚
681 2502 850 2586 quium
881 2522 976 2562 aut
1004 2502 1171 2561 causa
1195 2503 1415 2575 exsilii,
1450 2516 1549 2565 aut

192 2585 396 2646 exsilio
417 2629 436 2657 ‚
461 2602 556 2644 aut
580 2586 764 2645 reditu
795 2584 996 2645 clarior
1021 2582 1125 2643 fuit
1146 2582 1506 2644 NumidicuS.
1548 2637 1553 2643 .

269 2664 460 2725 XVI.
503 2664 830 2725 Italicorum
873 2681 1065 2724 autem
1115 2662 1343 2723 fuerunt
1388 2662 1547 2723 cele-

187 2744 429 2812 berrimi
468 2744 642 2807 duces
671 2790 694 2823 ,
724 2743 848 2821 Silo
887 2744 1233 2828 Poppaedius
1274 2788 1295 2820 ,
1333 2742 1549 2807 Heriur·
1602 2786 1610 2793 ·
