2067 3667
602 289 1212 358 LIBERI.
1483 301 1579 385 μ’

218 401 589 480 consecrant3
608 403 911 489 statimque
932 408 993 466 in
1012 405 1136 466 suas
1159 403 1397 490 quisque
1420 407 1580 470 aedes

216 489 498 570 regressi,
534 489 679 549 sicut
708 489 767 548 in
791 487 1003 548 trabeis
1026 504 1222 557 erant,
1249 489 1316 550 &
1339 489 1580 570 amplis·

217 567 367 629 simo
400 569 596 644 cultu,
617 571 679 628 in
710 568 999 628 curulibus
1030 567 1182 630 sellis
1213 567 1334 630 sese
1364 569 1578 651 posue-1·

213 665 397 722 runt3
438 667 545 722 ut,
591 671 775 732 quum
817 647 1058 712 veniss'et
1105 648 1284 710 hostis
1305 695 1331 724 ,
1373 651 1433 710 in
1476 650 1577 712 sua

213 727 488 810 dignitate
524 747 900 792 morerentur.
942 729 1256 792 Pontifices
1284 775 1305 806 ‚
1341 732 1405 794 &
1438 731 1486 792 F
1488 732 1574 792 la·-

210 813 398 871 mines
418 857 439 886 ‚
480 811 761 896 quidquid
792 812 1208 894 religiosissimi
1237 815 1300 872 in
1337 814 1574 894 templis

209 907 331 950 erat
360 935 379 962 ‚
419 894 629 973 partim
675 895 735 951 in
783 892 951 952 doliis
1007 891 1226 952 defoffa
1265 908 1431 952 terrae
1474 913 1574 952 re·-

206 972 507 1042 condunt,
586 975 753 1030 artim
786 972 1058 1052 imposita
1083 969 1344 1052 plaustris
1378 970 1573 1032 secum

207 1051 483 1112 avehunt.
544 994 817 1132 (litgines
878 1051 1045 1110 simul
1111 1071 1185 1110 ex
1250 1049 1573 1112 sacerdotio

206 1129 407 1190 Vestae
460 1128 619 1188 nudo
668 1130 823 1212 pede
866 1129 929 1188 fu
968 1130 1144 1190 ‘entia
1184 1129 1334 1190 sacra
1385 1134 1574 1193 comi·-

206 1225 419 1270 tantur.
448 1207 678 1270 Tamen
716 1213 920 1291 excepi
964 1231 996 1270 e
1034 1209 1318 1291 fugientes
1354 1233 1498 1272 unus
1535 1233 1572 1274 e

206 1289 402 1370 plebe
432 1287 611 1350 fertur
647 1291 859 1350 Lucius
902 1291 1172 1352 Albinius
1207 1337 1228 1366 ‚
1271 1295 1370 1375 qui
1401 1341 1420 1365 ‚
1461 1295 1573 1354 de-

203 1372 411 1452 positis
445 1391 627 1432 uxore
663 1373 727 1432 &
764 1370 993 1443 liberis,
1021 1374 1275 1455 virgines
1307 1377 1368 1434 in
1406 1375 1571 1455 plau-

206 1447 388 1512 strum
428 1454 653 1533 recepit
688 1474 711 1526 ;
748 1452 900 1512 adeo
938 1471 1063 1514 tum
1103 1476 1338 1538 quoque
1377 1457 1435 1514 in
1475 1456 1574 1515 ul-

200 1533 359 1592 timis
418 1532 621 1614 religio
725 1533 913 1594 ublica
972 1535 1213 1613 privatis
1273 1534 1571 1596 affeffibus

202 1613 605 1674 antecellebat.
654 1555 937 1674 ffiventus
981 1615 1128 1672 verb
1157 1657 1180 1684 ,
1216 1633 1394 1694 quam
1443 1613 1572 1674 satis

202 1689 429 1754 constat
468 1695 571 1754 vix
616 1694 779 1752 mille
826 1693 1132 1752 hominum
1171 1691 1333 1753 fuiffe
1356 1739 1379 1766 ,
1423 1694 1574 1756 duce

201 1772 437 1833 Manlio
457 1818 475 1842 ,
502 1793 697 1833 arcem
722 1770 1038 1854 Capitolini
1071 1775 1287 1834 montis
1319 1773 1528 1836 insedit
1546 1792 1578 1850 ,'

202 1852 489 1916 obtestata
525 1851 713 1934 ipsum
749 1855 913 1936 quasi
950 1853 1292 1935 praesentem
1317 1856 1570 1932 Jovem3

201 1955 269 1998 ut
289 1979 312 2006 ,
394 1935 845 1996 uemadmodum
876 1936 987 2016 ipsi
1026 1935 1100 1996 ad
1137 1935 1572 2002 defendendum

200 2031 367 2094 temp
392 2036 491 2074 um
526 2014 649 2096 ejus
677 2013 1120 2086 concurrissent,
1143 2019 1226 2076 ita
1257 2018 1353 2078 ille
1383 2020 1570 2079 virtu-

200 2111 329 2158 tem
356 2115 561 2156 eorum
592 2100 829 2156 numine
865 2095 969 2155 suo
1002 2114 1277 2156 tueretur.
1303 2097 1570 2162 Aderant

198 2176 438 2234 interim
474 2172 631 2236 Galli
651 2219 672 2248 ,
713 2193 1084 2255 apertamque
1118 2175 1346 2236 Urbem
1373 2180 1568 2258 primi>

198 2255 414 2350 trepidi
457 2298 477 2328 ,
524 2275 599 2314 ne
666 2259 793 2335 quis
852 2253 1094 2315 subesset
1152 2257 1321 2316 dolus
1355 2301 1376 2326 ,
1424 2279 1568 2318 mox

199 2336 303 2396 ubi
340 2335 709 2396 solitudinem
750 2335 954 2399 vident
977 2379 997 2408 ,
1034 2336 1162 2416 pari
1203 2335 1456 2397 clamore
1499 2341 1564 2401 &

199 2417 427 2496 impetu
462 2417 761 2479 invadunt.
798 2415 1065 2477 Patentes
1103 2419 1316 2496 passim
1350 2419 1562 2480 domos

199 2494 417 2556 adeunt
456 2519 471 2556 ι
514 2497 616 2558 uhi
664 2495 928 2563 sedentes
983 2498 1045 2556 in
1107 2499 1397 2559 curulibus.
1452 2499 1562 2561 suis

200 2591 571 2658 praetextatos
602 2575 765 2640 senes
782 2623 801 2651 ‚
829 2577 990 2639 velut
1014 2577 1184 2639 Deos
1219 2577 1560 2662 Geniosque

198 2658 465 2717 venerati
502 2701 523 2731 ,
565 2677 705 2718 mox
755 2657 993 2719 eosdem
1028 2703 1047 2730 ,
1089 2658 1395 2742 postquam
1443 2659 1561 2722 ess'e

200 2737 469 2799 homines
512 2738 773 2820 liquebat
798 2783 823 2812 ,
866 2740 1086 2821 alioqui
1129 2741 1276 2802 nihil
1319 2740 1562 2825 respon-⁴

1224 2820 1356 2896 Β4
