2067 3667
458 239 575 316 -88‘
716 245 791 314 L.
845 245 1204 313 ΑΝΝΕ]
1255 243 1572 312 FLoRt

458 361 670 427 .Gades
713 365 777 424 &
822 361 1048 423 Oceani
1085 383 1186 422 ora
1233 362 1510 440 pervenit.
1560 359 1692 420 Plus
1739 354 1836 421 eff·

458 447 833 525 ‚provinciam
862 446 1142 512 retinere,
1177 442 1348 522 quam
1379 441 1582 501 facere.
1619 439 1824 520 Itaque

474 546 579 605 per
616 543 803 606 partes
838 520 959 602 jam.
990 523 1101 582 huc
1123 565 1144 596 ,
1177 521 1295 602 jam
1335 521 1465 582 illuc
1514 523 1673 581 missi
1716 513 1827 582 du·-

474 626 611 676 ces,
642 607 740 685 qui
778 603 1156 664 ferocissimas
1177 645 1196 674 ,
1233 603 1298 664 δι
1331 601 1405 662 ad
1439 602 1500 661 id
1538 604 1826 691 temporis

456 686 681 746 liberas
735 702 937 764 gentes
972 727 995 759 ‚
1051 683 1188 746 ideo
1239 683 1606 764 impatientes
1657 683 1774 764 jugi
1801 725 1825 754 ,

471 765 661 826 multo
706 764 909 824 labore
926 807 957 841 ‚-
991 783 1101 826 nec
1149 764 1457 823 inc-ruentis
1499 764 1827 836 certamini,-

462 847 580 921 ⁶bus
612 843 821 906 serv-ire
858 845 1195 905 docuerunt.
1223 839 1375 902 Cato
1405 842 1500 904 ille
1538 842 1825 903 censorius

475 923 801 988 Celtiberos
832 969 852 997 ‚
887 926 947 986 id
989 923 1112 1000 est,
1141 921 1316 985 robur
1353 917 1637 1004 Hispaniae
1661 969 1681 998 ,
1718 921 1826 983 ali·-

517 1023 619 1068 uot
694 1007 872 1068 -roeliis
913 1005 1101 1088 fregit.
1145 1003 1440 1067 Gracchus
1467 1049 1487 1079 ,
1528 1022 1685 1084 pater
1722 1003 1824 1064 ille

539 1110 662 1148 racc
707 1109 915 1158 orum,
958 1085 1194 1147 eosdem
1249 1104 1480 1144 centum
1533 1086 1597 1146 &
1652 1086 1827 1166 quin-

474 1171 743 1252 quaginta
774 1168 1003 1228 urbium
1037 1167 1342 1228 eversione
1380 1163 1658 1224 multavit.
1686 1163 1826 1226 Me-

474 1249 641 1310 tellus
676 1248 773 1308 ille
803 1293 824 1323 ,
911 1251 968 1308 ui
1004 1268 1078 1307 ex
1103 1245 1459 1310 Macedonia
1495 1267 1564 1306 co
1607 1265 1824 1306 nomen

496 1377 501 1381 .
540 1345 827 1390 meruerat
993 1325 1375 1388 Celtibericus
1423 1325 1554 1386 fieri'
1647 1347 1828 1408 quum

530 1408 853 1468 onttebiam
888 1408 1250 1468 memorabili
1285 1429 1350 1467 ce
1397 1404 1515 1465 iffet
1551 1403 1840 1487 exemplo·

472 1491 539 1555 δι
580 1487 959 1570 Nertobriges
990 1533 1007 1558 ,
1053 1483 1257 1567 majori
1315 1429 1497 1570 gforia
1545 1489 1837 1566 pepercit..

470 1569 738 1633 Lucullus
791 1565 1086 1629 Turdulos
1136 1586 1308 1650 atque
1362 1566 1640 1626 Vaccaeos
1683 1587 1702 1638 ;
1747 1565 1824 1626 de

473 1651 677 1733 quibus
700 1648 895 1731 Scipio
921 1650 1019 1710 ille
1052 1647 1376 1731 posterior,
1409 1645 1826 1728 si'ngulari.cer-

474 1735 690 1808 tamine
731 1776 761 1801 ,,
800 1751 979 1811 quum
1026 1751 1136 1790 rex
1186 1726 1370 1788 fuisset
1422 1744 1772 1810 provocator
1805 1771 1840 1801 ,.

472 1814 669 1892 opima
702 1810 990 1869 retulerat.
1022 1808 1308 1870 Decimus
1339 1808 1545 1870 Brutus
1571 1809 1825 1890 aliquan·-

472 1893 537 1952 τὸ
568 1891 729 1950 latius
756 1886 1015 1950 Celticos
1043 1887 1453 1971 Lusitanosque
1473 1933 1492 1960 ‚
1530 1889 1595 1950 &
1617 1909 1824 1950 omnes

470 1969 760 2032 Gallaeciae
799 1991 877 2050 po
923 1971 1051 2030 ulos
1068 2015 1104 2042 ,.
1125 1967 1606 2050 formidatumque
1634 1969 1828 2030 militi·-

470 2053 577 2112 bus
613 2051 829 2110 flumen
919 2050 1189 2112 blivionis
1215 2071 1234 2123 3
1259 2067 1672 2134 peragratoque
1699 2053 1826 2111 vic.-

472 2150 566 2197 tor
605 2131 829 2194 Oceani
870 2132 1102 2208 littore,
1136 2153 1254 2192 non
1297 2132 1449 2211 prius
1483 2132 1642 2212 signa
1679 2153 1824 2193 con·
1893 2199 1896 2202 ,

470 2217 691 2285 vertit,
732 2211 907 2294 quam
945 2213 1248 2273 cadentem
1285 2214 1354 2270 in·
1385 2215 1560 2272 maria
1599 2209 1774 2270 solem
1800 2256 1840 2284 ,.

465 2294 859 2372 obrutumque
894 2295 1054 2374 aquis
1092 2295 1286 2373 ignem
1307 2337 1326 2366 ,
1359 2313 1477 2352 non
1513 2293 1633 2352 sine
1670 2312 1824 2371 quo-

473 2376 605 2434 dam
642 2371 915 2454 sacrilegii
950 2389 1110 2432 metu
1137 2373 1200 2432 &
1231 2371 1470 2432 horrore
1499 2371 1828 2453 deprehen-

474 2455 573 2514 dit.
602 2452 717 2512 Sed
753 2470 875 2512 tota
909 2453 1287 2512 certaminum
1323 2451 1507 2512 moles
1538 2473 1668 2517 cum
1703 2450 1824 2510 Lu·
1896 2509 1904 2514 ,

472 2537 666 2594 sitanis
702 2524 843 2605 fuit,
878 2533 941 2592 &
978 2531 1348 2592 Numantinis
1368 2554 1391 2606 ,3
1427 2550 1532 2592 nec
1565 2533 1838 2592 immeri'-

473 2616 535 2674 τὸ
572 2636 585 2674 :
624 2615 835 2694 quippe
872 2610 1005 2672 solis
1045 2613 1300 2694 gentium
1326 2610 1612 2695 Hispaniae
1642 2611 1842 2673 duces-

469 2696 855 2776 contigerunt.
886 2691 1106 2758 Fuisset
1127 2695 1192 2759 &
1221 2716 1353 2758 cum
1389 2693 1654 2757 omnibus
1683 2689 1845 2754 Cer,-
