<?xml version="1.0" encoding="UTF-8"?>
<!DOCTYPE html PUBLIC "-//W3C//DTD XHTML 1.0 Transitional//EN"
    "http://www.w3.org/TR/xhtml1/DTD/xhtml1-transitional.dtd">
<html xmlns="http://www.w3.org/1999/xhtml" xml:lang="en" lang="en">
 <head>
  <title>
</title>
<meta http-equiv="Content-Type" content="text/html;charset=utf-8" />
  <meta name='ocr-system' content='tesseract 3.04.00' />
  <meta name='ocr-capabilities' content='ocr_page ocr_carea ocr_par ocr_line ocrx_word'/>
</head>
<body>
  <div class='ocr_page' id='page_1' title='image "./caiivelleiipate00lallgoog_0094.png"; bbox 0 0 2067 3667; ppageno 0'>
   <div class='ocr_carea' id='block_1_1' title="bbox 505 273 1888 502">
    <p class='ocr_par' dir='ltr' id='par_1_1' title="bbox 505 273 1888 502">
     <span class='ocr_line' id='line_1_1' title="bbox 505 273 1641 394; baseline -0.005 -21"><span class='ocrx_word' id='word_1_1' title='bbox 505 323 634 394; x_wconf 68' lang='lat'>,72</span> <span class='ocrx_word' id='word_1_2' title='bbox 780 291 854 370; x_wconf 78' lang='lat' dir='ltr'>C.</span> <span class='ocrx_word' id='word_1_3' title='bbox 916 293 1353 370; x_wconf 70' lang='lat' dir='ltr'><em>VELL.&#39;PA</em></span> <span class='ocrx_word' id='word_1_4' title='bbox 1381 273 1641 368; x_wconf 52' lang='lat' dir='ltr'>Tine.</span> 
     </span>
     <span class='ocr_line' id='line_1_2' title="bbox 623 405 1888 502; baseline 0 -22"><span class='ocrx_word' id='word_1_5' title='bbox 623 419 852 480; x_wconf 87' lang='lat' dir='ltr'>XLII.</span> <span class='ocrx_word' id='word_1_6' title='bbox 894 419 1159 502; x_wconf 81' lang='lat' dir='ltr'>Longum</span> <span class='ocrx_word' id='word_1_7' title='bbox 1200 416 1281 479; x_wconf 85' lang='lat' dir='ltr'>est</span> <span class='ocrx_word' id='word_1_8' title='bbox 1332 438 1555 478; x_wconf 85' lang='lat' dir='ltr'>narrare</span> <span class='ocrx_word' id='word_1_9' title='bbox 1583 463 1601 488; x_wconf 93' lang='lat'>‚</span> <span class='ocrx_word' id='word_1_10' title='bbox 1634 405 1775 500; x_wconf 85' lang='lat' dir='ltr'>quid</span> <span class='ocrx_word' id='word_1_11' title='bbox 1822 417 1888 480; x_wconf 86' lang='lat'>&amp;</span> 
     </span>
    </p>
   </div>
   <div class='ocr_carea' id='block_1_2' title="bbox 455 495 1895 2897">
    <p class='ocr_par' dir='ltr' id='par_1_2' title="bbox 523 495 1891 902">
     <span class='ocr_line' id='line_1_3' title="bbox 541 495 1889 582; baseline -0.001 -22"><span class='ocrx_word' id='word_1_12' title='bbox 541 503 770 582; x_wconf 81' lang='lat' dir='ltr'>quoties</span> <span class='ocrx_word' id='word_1_13' title='bbox 821 499 979 561; x_wconf 77' lang='lat' dir='ltr'>ausus</span> <span class='ocrx_word' id='word_1_14' title='bbox 1016 504 1091 561; x_wconf 85' lang='lat' dir='ltr'>sit</span> <span class='ocrx_word' id='word_1_15' title='bbox 1128 521 1149 574; x_wconf 85' lang='lat'>3</span> <span class='ocrx_word' id='word_1_16' title='bbox 1229 517 1413 560; x_wconf 82' lang='lat' dir='ltr'>nanto·</span> <span class='ocrx_word' id='word_1_17' title='bbox 1458 518 1637 579; x_wconf 88' lang='lat' dir='ltr'>opere</span> <span class='ocrx_word' id='word_1_18' title='bbox 1688 495 1889 558; x_wconf 81' lang='lat' dir='ltr'>conata</span> 
     </span>
     <span class='ocr_line' id='line_1_4' title="bbox 523 577 1891 662; baseline -0.001 -20"><span class='ocrx_word' id='word_1_19' title='bbox 523 605 530 658; x_wconf 67' lang='grc' dir='ltr'>ζ</span> <span class='ocrx_word' id='word_1_20' title='bbox 543 581 668 662; x_wconf 81' lang='lat' dir='ltr'>ejus</span> <span class='ocrx_word' id='word_1_21' title='bbox 689 628 707 656; x_wconf 89' lang='lat'><strong>,</strong></span> <span class='ocrx_word' id='word_1_22' title='bbox 732 584 829 662; x_wconf 88' lang='lat' dir='ltr'>qui</span> <span class='ocrx_word' id='word_1_23' title='bbox 852 582 1154 642; x_wconf 78' lang='lat' dir='ltr'>obtinebat</span> <span class='ocrx_word' id='word_1_24' title='bbox 1246 582 1382 640; x_wconf 85' lang='lat' dir='ltr'>siam</span> <span class='ocrx_word' id='word_1_25' title='bbox 1408 577 1757 661; x_wconf 84' lang='lat' dir='ltr'>magistratus</span> <span class='ocrx_word' id='word_1_26' title='bbox 1780 583 1891 660; x_wconf 80' lang='lat' dir='ltr'>po-</span> 
     </span>
     <span class='ocr_line' id='line_1_5' title="bbox 541 658 1888 744; baseline -0.001 -23"><span class='ocrx_word' id='word_1_27' title='bbox 541 663 662 744; x_wconf 89' lang='lat' dir='ltr'>puli</span> <span class='ocrx_word' id='word_1_28' title='bbox 695 663 990 734; x_wconf 81' lang='lat' dir='ltr'>Romani,</span> <span class='ocrx_word' id='word_1_29' title='bbox 1029 678 1187 722; x_wconf 87' lang='lat' dir='ltr'>metu</span> <span class='ocrx_word' id='word_1_30' title='bbox 1230 660 1332 722; x_wconf 89' lang='lat' dir='ltr'>suo</span> <span class='ocrx_word' id='word_1_31' title='bbox 1375 658 1701 720; x_wconf 88' lang='lat' dir='ltr'>destituerit.</span> <span class='ocrx_word' id='word_1_32' title='bbox 1740 658 1888 728; x_wconf 80' lang='lat' dir='ltr'>Illud</span> 
     </span>
     <span class='ocr_line' id='line_1_6' title="bbox 540 738 1888 814; baseline -0.002 -11"><span class='ocrx_word' id='word_1_33' title='bbox 540 742 819 803; x_wconf 81' lang='lat' dir='ltr'>referatur</span> <span class='ocrx_word' id='word_1_34' title='bbox 838 788 861 814; x_wconf 87' lang='lat'>,</span> <span class='ocrx_word' id='word_1_35' title='bbox 893 743 1307 802; x_wconf 85' lang='lat' dir='ltr'><strong>documentum</strong></span> <span class='ocrx_word' id='word_1_36' title='bbox 1331 743 1469 800; x_wconf 87' lang='lat' dir='ltr'>tanti</span> <span class='ocrx_word' id='word_1_37' title='bbox 1504 761 1645 800; x_wconf 83' lang='lat' dir='ltr'>mox</span> <span class='ocrx_word' id='word_1_38' title='bbox 1670 738 1888 800; x_wconf 85' lang='lat' dir='ltr'>evasuri</span> 
     </span>
     <span class='ocr_line' id='line_1_7' title="bbox 541 818 1889 902; baseline -0.004 -16"><span class='ocrx_word' id='word_1_39' title='bbox 541 826 667 886; x_wconf 80' lang='lat' dir='ltr'>viri.</span> <span class='ocrx_word' id='word_1_40' title='bbox 700 822 857 902; x_wconf 84' lang='lat' dir='ltr'>Quae</span> <span class='ocrx_word' id='word_1_41' title='bbox 891 843 1008 884; x_wconf 84' lang='lat' dir='ltr'>nox</span> <span class='ocrx_word' id='word_1_42' title='bbox 1047 842 1174 882; x_wconf 85' lang='lat' dir='ltr'>eam</span> <span class='ocrx_word' id='word_1_43' title='bbox 1209 823 1361 882; x_wconf 88' lang='lat' dir='ltr'>diem</span> <span class='ocrx_word' id='word_1_44' title='bbox 1392 820 1583 880; x_wconf 85' lang='lat' dir='ltr'>secuta</span> <span class='ocrx_word' id='word_1_45' title='bbox 1621 818 1701 880; x_wconf 90' lang='lat' dir='ltr'>est</span> <span class='ocrx_word' id='word_1_46' title='bbox 1722 863 1741 893; x_wconf 89' lang='lat'>‚</span> <span class='ocrx_word' id='word_1_47' title='bbox 1776 822 1889 902; x_wconf 68' lang='lat' dir='ltr'>qui</span> 
     </span>
    </p>

    <p class='ocr_par' dir='ltr' id='par_1_3' title="bbox 455 899 1893 2434">
     <span class='ocr_line' id='line_1_8' title="bbox 587 899 1887 984; baseline -0.003 -19"><span class='ocrx_word' id='word_1_48' title='bbox 587 905 775 965; x_wconf 67' lang='lat' dir='ltr'>ublica</span> <span class='ocrx_word' id='word_1_49' title='bbox 806 905 1124 964; x_wconf 86' lang='lat' dir='ltr'>civitatium</span> <span class='ocrx_word' id='word_1_50' title='bbox 1159 901 1404 984; x_wconf 63' lang='lat' dir='ltr'>pecunia</span> <span class='ocrx_word' id='word_1_51' title='bbox 1434 901 1765 983; x_wconf 71' lang='lat' dir='ltr'>redemptus</span> <span class='ocrx_word' id='word_1_52' title='bbox 1805 899 1887 961; x_wconf 86' lang='lat' dir='ltr'>est</span> 
     </span>
     <span class='ocr_line' id='line_1_9' title="bbox 542 927 1893 1066; baseline -0.004 -22"><span class='ocrx_word' id='word_1_53' title='bbox 542 927 672 1066; x_wconf 59' lang='lat' dir='ltr'>fita</span> <span class='ocrx_word' id='word_1_54' title='bbox 710 1002 912 1045; x_wconf 83' lang='lat' dir='ltr'>tamen</span> <span class='ocrx_word' id='word_1_55' title='bbox 933 1001 998 1044; x_wconf 84' lang='lat' dir='ltr'>ut</span> <span class='ocrx_word' id='word_1_56' title='bbox 1033 1000 1266 1066; x_wconf 80' lang='lat' dir='ltr'>cogeret</span> <span class='ocrx_word' id='word_1_57' title='bbox 1298 981 1429 1042; x_wconf 64' lang='lat' dir='ltr'>ante</span> <span class='ocrx_word' id='word_1_58' title='bbox 1464 981 1699 1042; x_wconf 82' lang='lat' dir='ltr'>obsides</span> <span class='ocrx_word' id='word_1_59' title='bbox 1735 1002 1770 1041; x_wconf 85' lang='lat' dir='ltr'>a</span> <span class='ocrx_word' id='word_1_60' title='bbox 1804 983 1893 1062; x_wconf 86' lang='lat' dir='ltr'>pi-</span> 
     </span>
     <span class='ocr_line' id='line_1_10' title="bbox 543 1061 1888 1145; baseline 0 -21"><span class='ocrx_word' id='word_1_61' title='bbox 543 1068 674 1126; x_wconf 85' lang='lat' dir='ltr'>ratis</span> <span class='ocrx_word' id='word_1_62' title='bbox 703 1065 1039 1126; x_wconf 82' lang='lat' dir='ltr'>civitatibus</span> <span class='ocrx_word' id='word_1_63' title='bbox 1073 1063 1237 1145; x_wconf 87' lang='lat' dir='ltr'>dari]</span> <span class='ocrx_word' id='word_1_64' title='bbox 1268 1061 1559 1124; x_wconf 59' lang='lat' dir='ltr'>contrafiffi</span> <span class='ocrx_word' id='word_1_65' title='bbox 1586 1061 1751 1124; x_wconf 86' lang='lat' dir='ltr'>classe</span> <span class='ocrx_word' id='word_1_66' title='bbox 1778 1107 1797 1136; x_wconf 91' lang='lat'><strong>,</strong></span> <span class='ocrx_word' id='word_1_67' title='bbox 1822 1065 1888 1124; x_wconf 87' lang='lat'>&amp;</span> 
     </span>
     <span class='ocr_line' id='line_1_11' title="bbox 455 1141 1889 1226; baseline -0.001 -22"><span class='ocrx_word' id='word_1_68' title='bbox 455 1202 464 1211; x_wconf 80' lang='grc'>,</span> <span class='ocrx_word' id='word_1_69' title='bbox 542 1149 797 1226; x_wconf 83' lang='lat' dir='ltr'>privatus</span> <span class='ocrx_word' id='word_1_70' title='bbox 819 1190 836 1216; x_wconf 90' lang='lat'><strong>‚</strong></span> <span class='ocrx_word' id='word_1_71' title='bbox 864 1149 928 1208; x_wconf 89' lang='lat'>&amp;</span> <span class='ocrx_word' id='word_1_72' title='bbox 954 1144 1319 1206; x_wconf 59' lang='lat' dir='ltr'>tumultuaria</span> <span class='ocrx_word' id='word_1_73' title='bbox 1337 1189 1356 1218; x_wconf 87' lang='lat'><strong>‚</strong></span> <span class='ocrx_word' id='word_1_74' title='bbox 1388 1141 1645 1204; x_wconf 65' lang='lat' dir='ltr'>invecius</span> <span class='ocrx_word' id='word_1_75' title='bbox 1666 1145 1725 1203; x_wconf 91' lang='lat' dir='ltr'>in</span> <span class='ocrx_word' id='word_1_76' title='bbox 1754 1163 1889 1203; x_wconf 88' lang='lat' dir='ltr'>eum</span> 
     </span>
     <span class='ocr_line' id='line_1_12' title="bbox 542 1225 1888 1308; baseline -0.002 -23"><span class='ocrx_word' id='word_1_77' title='bbox 542 1227 774 1298; x_wconf 88' lang='lat' dir='ltr'>locum,</span> <span class='ocrx_word' id='word_1_78' title='bbox 811 1228 868 1286; x_wconf 90' lang='lat' dir='ltr'>in</span> <span class='ocrx_word' id='word_1_79' title='bbox 897 1248 1015 1308; x_wconf 87' lang='lat' dir='ltr'>quo</span> <span class='ocrx_word' id='word_1_80' title='bbox 1048 1228 1157 1306; x_wconf 86' lang='lat' dir='ltr'>ipsi</span> <span class='ocrx_word' id='word_1_81' title='bbox 1190 1225 1496 1308; x_wconf 82' lang='lat' dir='ltr'>praedones</span> <span class='ocrx_word' id='word_1_82' title='bbox 1528 1241 1686 1284; x_wconf 85' lang='lat' dir='ltr'>erant</span> <span class='ocrx_word' id='word_1_83' title='bbox 1706 1271 1723 1296; x_wconf 94' lang='lat'>,</span> <span class='ocrx_word' id='word_1_84' title='bbox 1762 1245 1888 1304; x_wconf 84' lang='lat' dir='ltr'>par-</span> 
     </span>
     <span class='ocr_line' id='line_1_13' title="bbox 542 1305 1889 1388; baseline -0.002 -22"><span class='ocrx_word' id='word_1_85' title='bbox 542 1323 664 1366; x_wconf 88' lang='lat' dir='ltr'>tem</span> <span class='ocrx_word' id='word_1_86' title='bbox 711 1306 902 1366; x_wconf 86' lang='lat' dir='ltr'>classis</span> <span class='ocrx_word' id='word_1_87' title='bbox 940 1305 1157 1388; x_wconf 85' lang='lat' dir='ltr'>fugavit</span> <span class='ocrx_word' id='word_1_88' title='bbox 1180 1349 1197 1378; x_wconf 94' lang='lat'>,</span> <span class='ocrx_word' id='word_1_89' title='bbox 1236 1323 1461 1387; x_wconf 87' lang='lat' dir='ltr'>partem</span> <span class='ocrx_word' id='word_1_90' title='bbox 1500 1307 1697 1364; x_wconf 83' lang='lat' dir='ltr'>mersit</span> <span class='ocrx_word' id='word_1_91' title='bbox 1720 1351 1742 1378; x_wconf 91' lang='lat'>,</span> <span class='ocrx_word' id='word_1_92' title='bbox 1786 1306 1889 1364; x_wconf 87' lang='lat' dir='ltr'>ali·</span> 
     </span>
     <span class='ocr_line' id='line_1_14' title="bbox 543 1385 1892 1469; baseline -0.002 -22"><span class='ocrx_word' id='word_1_93' title='bbox 543 1403 688 1467; x_wconf 89' lang='lat' dir='ltr'>quot</span> <span class='ocrx_word' id='word_1_94' title='bbox 719 1407 896 1446; x_wconf 85' lang='lat' dir='ltr'>naves</span> <span class='ocrx_word' id='word_1_95' title='bbox 923 1385 1244 1469; x_wconf 84' lang='lat' dir='ltr'>multosque</span> <span class='ocrx_word' id='word_1_96' title='bbox 1276 1385 1545 1447; x_wconf 86' lang='lat' dir='ltr'>mortales</span> <span class='ocrx_word' id='word_1_97' title='bbox 1568 1387 1763 1466; x_wconf 84' lang='lat' dir='ltr'>cepit3</span> <span class='ocrx_word' id='word_1_98' title='bbox 1790 1387 1892 1444; x_wconf 76' lang='lat' dir='ltr'>lae-</span> 
     </span>
     <span class='ocr_line' id='line_1_15' title="bbox 542 1465 1888 1549; baseline 0 -23"><span class='ocrx_word' id='word_1_99' title='bbox 542 1465 742 1549; x_wconf 86' lang='lat' dir='ltr'>tusque</span> <span class='ocrx_word' id='word_1_100' title='bbox 771 1465 1060 1529; x_wconf 62' lang='lat' dir='ltr'>noflurnae</span> <span class='ocrx_word' id='word_1_101' title='bbox 1098 1467 1478 1548; x_wconf 83' lang='lat' dir='ltr'>expeditionis</span> <span class='ocrx_word' id='word_1_102' title='bbox 1502 1467 1791 1547; x_wconf 79' lang='lat' dir='ltr'>triumpho</span> <span class='ocrx_word' id='word_1_103' title='bbox 1814 1466 1888 1526; x_wconf 83' lang='lat' dir='ltr'>ad</span> 
     </span>
     <span class='ocr_line' id='line_1_16' title="bbox 503 1545 1887 1628; baseline -0.001 -20"><span class='ocrx_word' id='word_1_104' title='bbox 503 1621 510 1628; x_wconf 93' lang='lat'><em>.</em></span> <span class='ocrx_word' id='word_1_105' title='bbox 542 1546 672 1608; x_wconf 86' lang='lat' dir='ltr'>suos</span> <span class='ocrx_word' id='word_1_106' title='bbox 716 1545 974 1607; x_wconf 86' lang='lat' dir='ltr'>reversus</span> <span class='ocrx_word' id='word_1_107' title='bbox 1020 1545 1101 1607; x_wconf 88' lang='lat' dir='ltr'>est</span> <span class='ocrx_word' id='word_1_108' title='bbox 1126 1592 1147 1622; x_wconf 85' lang='lat'><strong>,</strong></span> <span class='ocrx_word' id='word_1_109' title='bbox 1187 1546 1579 1628; x_wconf 61' lang='lat' dir='ltr'>mandatisque</span> <span class='ocrx_word' id='word_1_110' title='bbox 1622 1545 1887 1606; x_wconf 79' lang='lat' dir='ltr'>custodiae</span> 
     </span>
     <span class='ocr_line' id='line_1_17' title="bbox 544 1627 1887 1711; baseline 0 -23"><span class='ocrx_word' id='word_1_111' title='bbox 544 1650 692 1711; x_wconf 86' lang='lat' dir='ltr'>quos</span> <span class='ocrx_word' id='word_1_112' title='bbox 730 1643 958 1708; x_wconf 82' lang='lat' dir='ltr'>ceperat</span> <span class='ocrx_word' id='word_1_113' title='bbox 993 1671 1015 1700; x_wconf 92' lang='lat'><strong>,</strong></span> <span class='ocrx_word' id='word_1_114' title='bbox 1060 1629 1119 1688; x_wconf 78' lang='lat' dir='ltr'>in</span> <span class='ocrx_word' id='word_1_115' title='bbox 1154 1627 1491 1708; x_wconf 82' lang='lat' dir='ltr'>Bithyniam</span> <span class='ocrx_word' id='word_1_116' title='bbox 1525 1628 1773 1709; x_wconf 79' lang='lat' dir='ltr'>perrexit</span> <span class='ocrx_word' id='word_1_117' title='bbox 1813 1627 1887 1688; x_wconf 87' lang='lat' dir='ltr'>ad</span> 
     </span>
     <span class='ocr_line' id='line_1_18' title="bbox 525 1707 1887 1791; baseline -0.001 -23"><span class='ocrx_word' id='word_1_118' title='bbox 525 1708 944 1791; x_wconf 84' lang='lat' dir='ltr'>-ptoconsulem</span> <span class='ocrx_word' id='word_1_119' title='bbox 977 1709 1208 1772; x_wconf 70' lang='lat' dir='ltr'>Iunium</span> <span class='ocrx_word' id='word_1_120' title='bbox 1236 1707 1325 1789; x_wconf 82' lang='lat' dir='ltr'>[is</span> <span class='ocrx_word' id='word_1_121' title='bbox 1362 1710 1514 1768; x_wconf 88' lang='lat' dir='ltr'>enim</span> <span class='ocrx_word' id='word_1_122' title='bbox 1541 1707 1742 1769; x_wconf 79' lang='lat' dir='ltr'>Asiam</span> <span class='ocrx_word' id='word_1_123' title='bbox 1764 1724 1887 1768; x_wconf 88' lang='lat' dir='ltr'>tum</span> 
     </span>
     <span class='ocr_line' id='line_1_19' title="bbox 543 1787 1889 1870; baseline -0.001 -21"><span class='ocrx_word' id='word_1_124' title='bbox 543 1789 880 1870; x_wconf 87' lang='lat' dir='ltr'>obtinebat]</span> <span class='ocrx_word' id='word_1_125' title='bbox 906 1805 1106 1870; x_wconf 87' lang='lat' dir='ltr'>petens</span> <span class='ocrx_word' id='word_1_126' title='bbox 1131 1834 1150 1863; x_wconf 92' lang='lat'><strong><em>‚</em></strong></span> <span class='ocrx_word' id='word_1_127' title='bbox 1171 1806 1233 1848; x_wconf 90' lang='lat' dir='ltr'>ut</span> <span class='ocrx_word' id='word_1_128' title='bbox 1257 1787 1451 1849; x_wconf 61' lang='lat' dir='ltr'>auflor</span> <span class='ocrx_word' id='word_1_129' title='bbox 1479 1787 1644 1848; x_wconf 87' lang='lat' dir='ltr'>fieret</span> <span class='ocrx_word' id='word_1_130' title='bbox 1669 1788 1889 1849; x_wconf 86' lang='lat' dir='ltr'>sumen-</span> 
     </span>
     <span class='ocr_line' id='line_1_20' title="bbox 545 1867 1887 1950; baseline 0.001 -22"><span class='ocrx_word' id='word_1_131' title='bbox 545 1871 604 1928; x_wconf 92' lang='lat' dir='ltr'>di</span> <span class='ocrx_word' id='word_1_132' title='bbox 639 1870 712 1929; x_wconf 91' lang='lat' dir='ltr'>de</span> <span class='ocrx_word' id='word_1_133' title='bbox 753 1871 992 1950; x_wconf 76' lang='lat' dir='ltr'>captivis</span> <span class='ocrx_word' id='word_1_134' title='bbox 1038 1868 1095 1929; x_wconf 86' lang='lat' dir='ltr'>su</span> <span class='ocrx_word' id='word_1_135' title='bbox 1141 1869 1309 1950; x_wconf 82' lang='lat' dir='ltr'>plicii.</span> <span class='ocrx_word' id='word_1_136' title='bbox 1346 1867 1537 1948; x_wconf 86' lang='lat' dir='ltr'>Quod</span> <span class='ocrx_word' id='word_1_137' title='bbox 1576 1881 1756 1950; x_wconf 85' lang='lat' dir='ltr'>quum</span> <span class='ocrx_word' id='word_1_138' title='bbox 1787 1870 1887 1930; x_wconf 81' lang='lat' dir='ltr'>ille</span> 
     </span>
     <span class='ocr_line' id='line_1_21' title="bbox 541 1948 1888 2032; baseline 0 -24"><span class='ocrx_word' id='word_1_139' title='bbox 541 1949 602 2008; x_wconf 89' lang='lat' dir='ltr'>se</span> <span class='ocrx_word' id='word_1_140' title='bbox 635 1948 906 2008; x_wconf 66' lang='lat' dir='ltr'>faciurum</span> <span class='ocrx_word' id='word_1_141' title='bbox 937 1969 1079 2032; x_wconf 85' lang='lat' dir='ltr'>nega</span> <span class='ocrx_word' id='word_1_142' title='bbox 1124 1966 1183 2010; x_wconf 87' lang='lat' dir='ltr'>et</span> <span class='ocrx_word' id='word_1_143' title='bbox 1203 1995 1223 2024; x_wconf 90' lang='lat'>,</span> <span class='ocrx_word' id='word_1_144' title='bbox 1252 1951 1732 2032; x_wconf 84' lang='lat' dir='ltr'>venditurumque</span> <span class='ocrx_word' id='word_1_145' title='bbox 1754 1971 1888 2030; x_wconf 89' lang='lat' dir='ltr'>cap-</span> 
     </span>
     <span class='ocr_line' id='line_1_22' title="bbox 543 2028 1890 2113; baseline 0.001 -24"><span class='ocrx_word' id='word_1_146' title='bbox 543 2031 700 2090; x_wconf 83' lang='lat' dir='ltr'>tivos</span> <span class='ocrx_word' id='word_1_147' title='bbox 741 2028 954 2090; x_wconf 81' lang='lat' dir='ltr'>dixisset</span> <span class='ocrx_word' id='word_1_148' title='bbox 989 2029 1253 2113; x_wconf 86' lang='lat' dir='ltr'>[quippe</span> <span class='ocrx_word' id='word_1_149' title='bbox 1298 2028 1636 2111; x_wconf 86' lang='lat' dir='ltr'>sequebatur</span> <span class='ocrx_word' id='word_1_150' title='bbox 1674 2030 1890 2090; x_wconf 82' lang='lat' dir='ltr'>invidia</span> 
     </span>
     <span class='ocr_line' id='line_1_23' title="bbox 541 2109 1891 2192; baseline 0 -22"><span class='ocrx_word' id='word_1_151' title='bbox 541 2110 839 2192; x_wconf 80' lang='lat' dir='ltr'>inertiam]</span> <span class='ocrx_word' id='word_1_152' title='bbox 867 2110 1185 2172; x_wconf 85' lang='lat' dir='ltr'>incredibili</span> <span class='ocrx_word' id='word_1_153' title='bbox 1219 2111 1509 2172; x_wconf 87' lang='lat' dir='ltr'>celeritate</span> <span class='ocrx_word' id='word_1_154' title='bbox 1532 2109 1790 2186; x_wconf 61' lang='lat' dir='ltr'>revefiffls</span> <span class='ocrx_word' id='word_1_155' title='bbox 1812 2111 1891 2170; x_wconf 86' lang='lat' dir='ltr'>ad</span> 
     </span>
     <span class='ocr_line' id='line_1_24' title="bbox 543 2189 1892 2272; baseline 0 -22"><span class='ocrx_word' id='word_1_156' title='bbox 543 2212 700 2251; x_wconf 84' lang='lat' dir='ltr'>mare</span> <span class='ocrx_word' id='word_1_157' title='bbox 722 2236 741 2265; x_wconf 92' lang='lat'><strong><em>‚</em></strong></span> <span class='ocrx_word' id='word_1_158' title='bbox 778 2193 930 2272; x_wconf 74' lang='lat' dir='ltr'>priiis</span> <span class='ocrx_word' id='word_1_159' title='bbox 973 2189 1257 2272; x_wconf 64' lang='lat' dir='ltr'>quamde</span> <span class='ocrx_word' id='word_1_160' title='bbox 1298 2211 1365 2251; x_wconf 88' lang='lat' dir='ltr'>ea</span> <span class='ocrx_word' id='word_1_161' title='bbox 1406 2211 1469 2252; x_wconf 89' lang='lat' dir='ltr'>re</span> <span class='ocrx_word' id='word_1_162' title='bbox 1508 2190 1608 2250; x_wconf 80' lang='lat' dir='ltr'>uui</span> <span class='ocrx_word' id='word_1_163' title='bbox 1643 2211 1892 2272; x_wconf 84' lang='lat' dir='ltr'>procon-</span> 
     </span>
     <span class='ocr_line' id='line_1_25' title="bbox 544 2269 1889 2353; baseline 0.001 -21"><span class='ocrx_word' id='word_1_164' title='bbox 544 2270 673 2332; x_wconf 83' lang='lat' dir='ltr'>sulis</span> <span class='ocrx_word' id='word_1_165' title='bbox 720 2273 1096 2338; x_wconf 83' lang='lat' dir='ltr'>redderentur</span> <span class='ocrx_word' id='word_1_166' title='bbox 1141 2269 1390 2352; x_wconf 77' lang='lat' dir='ltr'>epistolae</span> <span class='ocrx_word' id='word_1_167' title='bbox 1426 2316 1447 2346; x_wconf 91' lang='lat'>‚</span> <span class='ocrx_word' id='word_1_168' title='bbox 1492 2291 1697 2331; x_wconf 79' lang='lat' dir='ltr'>omnes</span> <span class='ocrx_word' id='word_1_169' title='bbox 1740 2291 1889 2353; x_wconf 84' lang='lat' dir='ltr'>quos</span> 
     </span>
     <span class='ocr_line' id='line_1_26' title="bbox 539 2349 1228 2434; baseline 0 -22"><span class='ocrx_word' id='word_1_170' title='bbox 539 2369 775 2434; x_wconf 82' lang='lat' dir='ltr'>ceperat</span> <span class='ocrx_word' id='word_1_171' title='bbox 817 2349 1025 2411; x_wconf 84' lang='lat' dir='ltr'>suffixit</span> <span class='ocrx_word' id='word_1_172' title='bbox 1058 2355 1228 2412; x_wconf 85' lang='lat' dir='ltr'>cruci.</span> 
     </span>
    </p>

    <p class='ocr_par' dir='ltr' id='par_1_4' title="bbox 539 2429 1895 2839">
     <span class='ocr_line' id='line_1_27' title="bbox 624 2429 1893 2494; baseline -0.001 -2"><span class='ocrx_word' id='word_1_173' title='bbox 624 2429 858 2494; x_wconf 88' lang='lat' dir='ltr'>XLIII.</span> <span class='ocrx_word' id='word_1_174' title='bbox 903 2431 1065 2492; x_wconf 88' lang='lat' dir='ltr'>Idem</span> <span class='ocrx_word' id='word_1_175' title='bbox 1104 2453 1245 2493; x_wconf 85' lang='lat' dir='ltr'>mox</span> <span class='ocrx_word' id='word_1_176' title='bbox 1279 2434 1350 2492; x_wconf 81' lang='lat' dir='ltr'>ad</span> <span class='ocrx_word' id='word_1_177' title='bbox 1386 2432 1759 2494; x_wconf 81' lang='lat' dir='ltr'>sacerdotium</span> <span class='ocrx_word' id='word_1_178' title='bbox 1795 2433 1893 2492; x_wconf 88' lang='lat' dir='ltr'>in-</span> 
     </span>
     <span class='ocr_line' id='line_1_28' title="bbox 539 2511 1891 2596; baseline 0.001 -25"><span class='ocrx_word' id='word_1_179' title='bbox 539 2512 796 2571; x_wconf 87' lang='lat' dir='ltr'>eundum</span> <span class='ocrx_word' id='word_1_180' title='bbox 841 2511 1102 2594; x_wconf 87' lang='lat' dir='ltr'>[quippe</span> <span class='ocrx_word' id='word_1_181' title='bbox 1156 2511 1359 2574; x_wconf 88' lang='lat' dir='ltr'>absens</span> <span class='ocrx_word' id='word_1_182' title='bbox 1400 2513 1663 2596; x_wconf 84' lang='lat' dir='ltr'>pontifex</span> <span class='ocrx_word' id='word_1_183' title='bbox 1710 2511 1891 2574; x_wconf 59' lang='lat' dir='ltr'>factus</span> 
     </span>
     <span class='ocr_line' id='line_1_29' title="bbox 541 2592 1889 2671; baseline 0.002 -20"><span class='ocrx_word' id='word_1_184' title='bbox 541 2609 665 2652; x_wconf 85' lang='lat' dir='ltr'>erat</span> <span class='ocrx_word' id='word_1_185' title='bbox 701 2635 726 2663; x_wconf 83' lang='lat'>,</span> <span class='ocrx_word' id='word_1_186' title='bbox 763 2612 944 2671; x_wconf 88' lang='lat' dir='ltr'>quum</span> <span class='ocrx_word' id='word_1_187' title='bbox 984 2596 1041 2652; x_wconf 89' lang='lat' dir='ltr'>in</span> <span class='ocrx_word' id='word_1_188' title='bbox 1088 2592 1284 2655; x_wconf 84' lang='lat' dir='ltr'>Cottae</span> <span class='ocrx_word' id='word_1_189' title='bbox 1334 2593 1638 2655; x_wconf 84' lang='lat' dir='ltr'>consularis</span> <span class='ocrx_word' id='word_1_190' title='bbox 1690 2594 1889 2655; x_wconf 86' lang='lat' dir='ltr'>locum</span> 
     </span>
     <span class='ocr_line' id='line_1_30' title="bbox 541 2671 1895 2758; baseline 0.003 -28"><span class='ocrx_word' id='word_1_191' title='bbox 541 2691 692 2752; x_wconf 91' lang='lat' dir='ltr'>pene</span> <span class='ocrx_word' id='word_1_192' title='bbox 719 2691 862 2752; x_wconf 86' lang='lat' dir='ltr'>puer</span> <span class='ocrx_word' id='word_1_193' title='bbox 885 2693 918 2732; x_wconf 88' lang='lat' dir='ltr'>a</span> <span class='ocrx_word' id='word_1_194' title='bbox 940 2671 1134 2734; x_wconf 86' lang='lat' dir='ltr'>Mario</span> <span class='ocrx_word' id='word_1_195' title='bbox 1161 2672 1462 2758; x_wconf 83' lang='lat' dir='ltr'>Cinnaque-</span> <span class='ocrx_word' id='word_1_196' title='bbox 1483 2675 1715 2736; x_wconf 86' lang='lat' dir='ltr'>Flamen</span> <span class='ocrx_word' id='word_1_197' title='bbox 1739 2674 1895 2735; x_wconf 87' lang='lat' dir='ltr'>Dia-</span> 
     </span>
     <span class='ocr_line' id='line_1_31' title="bbox 542 2752 1894 2839; baseline 0 -25"><span class='ocrx_word' id='word_1_198' title='bbox 542 2755 612 2814; x_wconf 86' lang='lat' dir='ltr'>lis</span> <span class='ocrx_word' id='word_1_199' title='bbox 649 2769 866 2814; x_wconf 87' lang='lat' dir='ltr'>creatus</span> <span class='ocrx_word' id='word_1_200' title='bbox 890 2797 911 2829; x_wconf 89' lang='lat'><strong>,</strong></span> <span class='ocrx_word' id='word_1_201' title='bbox 943 2752 1183 2818; x_wconf 57' lang='lat' dir='ltr'>viiioria</span> <span class='ocrx_word' id='word_1_202' title='bbox 1218 2753 1387 2818; x_wconf 74' lang='lat' dir='ltr'>Sullae</span> <span class='ocrx_word' id='word_1_203' title='bbox 1406 2800 1427 2830; x_wconf 95' lang='lat'>,</span> <span class='ocrx_word' id='word_1_204' title='bbox 1454 2759 1555 2839; x_wconf 88' lang='lat' dir='ltr'>qui</span> <span class='ocrx_word' id='word_1_205' title='bbox 1587 2757 1781 2818; x_wconf 86' lang='lat' dir='ltr'>omnia</span> <span class='ocrx_word' id='word_1_206' title='bbox 1814 2756 1894 2814; x_wconf 86' lang='lat' dir='ltr'>ab</span> 
     </span>
    </p>

    <p class='ocr_par' dir='ltr' id='par_1_5' title="bbox 1816 2857 1894 2897">
     <span class='ocr_line' id='line_1_32' title="bbox 1816 2857 1894 2897; baseline 0.026 -3"><span class='ocrx_word' id='word_1_207' title='bbox 1816 2857 1894 2897; x_wconf 83' lang='lat' dir='ltr'>ns</span> 
     </span>
    </p>
   </div>
  </div>
 </body>
</html>
