2067 3667
501 303 777 380 Htsr.
829 305 1134 394 ὶηῑειι
1185 304 1301 378 ΙΙ.
1430 323 1567 401 127

207 444 340 512 quae
375 441 640 508 tempora
689 425 920 488 censura
960 427 1154 487 Planci
1204 427 1270 488 &
1323 424 1500 487 Paulli
1544 463 1572 500 ‚

207 508 327 570 aaa
358 511 506 569 inter
544 507 887 570 discordiam
910 549 932 582 ,
963 527 1155 590 neque
1190 505 1331 589 ipsis
1370 508 1567 566 hono«

205 591 256 650 ri
277 634 298 665 ,
329 609 520 671 neque
554 589 886 671 reipublicae
925 587 1047 648 usui
1078 587 1183 648 fuit
1222 608 1241 662 ;
1270 606 1445 668 quum
1484 588 1566 648 al-

207 671 321 731 teri
341 672 434 732 vis
457 667 708 731 censoris
727 716 749 742 ,
780 669 939 729 alteri
965 670 1087 730 vita
1114 665 1369 742 deeffet3
1396 667 1567 728 Paul·-

205 749 297 812 lus
329 753 430 812 vix
460 748 646 832 poffet
676 751 920 832 implere
949 748 1290 822 censorem,
1324 745 1569 808 Plancus·

207 833 416 892 timere
463 831 703 892 deberet
733 875 756 904 ,
811 846 890 891 ne·
935 831 1253 914 quidquam
1306 828 1569 907 objicere

207 910 393 994 poffet
427 911 924 982 adolescentibus,
949 929 1049 971 aut
1082 908 1424 987 objicientes
1464 929 1567 969 aua

209 993 332 1052 dire
355 1035 374 1064 ,
453 993 571 1054 uod
606 1012 723 1052 non
757 988 1092 1073 agnosceret
1124 989 1316 1050 senex.

288 1070 412 1133 XC
474 1072 518 1134 Ι.
549 1071 715 1133 Mors
743 1071 954 1131 deinde
980 1072 1258 1151 Agrippae
1287 1067 1429 1151 (qui
1456 1087 1571 1128 no«

209 1154 451 1214 vitatem
493 1151 650 1212 suam
685 1152 878 1211 multis
917 1150 1090 1210 rebus
1123 1149 1519 1210 nobilitaverat
1539 1191 1560 1220 ‚

209 1249 267 1292 at
351 1253 382 1292 e
420 1234 480 1292 in
523 1233 636 1293 hoc
674 1231 1015 1312 perduxerat
1046 1276 1063 1299 ‚
1099 1245 1162 1290 ut
1210 1230 1274 1291 δι
1311 1227 1573 1288 Neronis

210 1253 348 1373 effi:
392 1311 555 1373 socer
603 1334 622 1388 ;
675 1309 946 1392 cujusque
999 1310 1215 1370 liberos
1248 1339 1277 1381 ‚·
1316 1327 1571 1388 nepotes

211 1390 382 1464 suos,
430 1391 513 1454 D.
565 1391 856 1474 Augustus
883 1435 899 1460 ‚
944 1391 1267 1471 praepositis
1318 1386 1446 1449 Caii
1496 1409 1564 1449 ac

207 1472 372 1535 Lucii
417 1474 742 1534 nominibus
768 1515 789 1545 ‚
835 1469 1263 1552 adoptaverat)
1302 1471 1568 1530 admovit

253 1556 446 1635 ropiixs
465 1552 763 1614 Neronem
784 1550 994 1614 Caesari
1016 1573 1030 1611 ε
1060 1552 1277 1632 quippe
1300 1549 1415 1610 filia
1436 1547 1564 1628 ejus

208 1575 359 1695 gulia
379 1678 400 1704 ,
469 1655 554 1693 uae
585 1633 768 1693 fuerat
791 1633 975 1715 Agrip
1021 1653 1069 1688 ae
1099 1647 1273 1710 nupta
1295 1673 1312 1702 ,
1339 1628 1570 1689 Neroni

209 1715 421 1794 nupsit.
483 1713 695 1773 uhinde
718 1712 938 1774 belium
1000 1712 1378 1778 armonicam,
1403 1708 1573 1790 quod

209 1795 543 1858 inchoatum
575 1793 832 1876 Agrippa
853 1792 1173 1873 Marcoque
1191 1789 1425 1850 Vinicio
1446 1809 1575 1849 avo·

211 1889 312 1938 tuo
342 1869 668 1954 consulibus
687 1922 706 1946 ,
732 1893 1000 1956 maguum
1031 1889 1313 1954 atroxque
1338 1871 1401 1931 ὃ(
1430 1889 1573 1952 per-

211 1975 388 2039 quam
421 1957 676 2016 vicinum
709 1955 1046 2014 imminebat
1072 1952 1246 2012 Italiae
1266 1997 1283 2023 ,
1318 1971 1421 2031 per
1446 1950 1505 2010 N
1508 1971 1569 2010 e-

211 2056 420 2096 ronem
455 2034 671 2116 gestum
703 2035 804 2096 est.
845 2033 1071 2096 Gentes
1105 2034 1525 2092 Pannoniorum
1546 2069 1575 2103 5

209 2113 724 2194 Dalmatarumque
743 2118 1002 2174 nationes
1023 2157 1043 2186 ,
1066 2114 1353 2192 situmque
1381 2114 1573 2194 regio-r

211 2216 355 2258 num
391 2215 457 2254 ac
499 2195 844 2263 fluminum,
877 2213 1291 2272 numerumque
1331 2194 1395 2253 δι
1435 2211 1571 2250 mo-

151 2273 166 2277 ’
215 2277 358 2336 dum
400 2277 612 2334 virium
642 2318 660 2347 ,
703 2272 1227 2354 excelsissima-sque
1267 2273 1330 2332 δε
1372 2273 1577 2332 multi«
1642 2310 1653 2316 -

214 2358 392 2439 plices
423 2377 497 2416 eo
519 2354 678 2416 bello
701 2353 965 2416 viciorias
990 2354 1133 2411 tanti
1162 2355 1523 2433 imperatoris
1544 2391 1573 2424 ‚.

215 2439 329 2496 aiio
368 2437 504 2497 loco
546 2435 977 2516 explicabimus.
1021 2431 1157 2492 Hoc
1194 2453 1341 2515 opus
1379 2433 1570 2494 servet-

215 2515 462 2576 formam
519 2515 694 2576 suam.
753 2513 940 2594 Hujus
999 2513 1259 2574 viaoriae
1318 2533 1575 2596 compos·

216 2597 386 2660 Nero
409 2639 427 2665 ‚
466 2616 647 2654 ovans
681 2597 1076 2676 triumphavit.

297 2673 576 2736 XCVII.
617 2671 732 2733 Sed
771 2675 909 2733 dum
944 2678 1002 2732 in
1040 2675 1155 2732 hae
1182 2689 1347 2754 parte
1376 2674 1576 2754 imp&

217 2759 286 2818 rii
323 2757 528 2819 omnia
557 2770 832 2838 geruntur
869 2751 1251 2835 prosperrime
1274 2797 1293 2824 ‚
1329 2772 1577 2832 accepta,

1189 2831 1335 2893 Fiv
