2067 3667
563 286 1013 358 LIBER
1111 286 1268 358 IV.
1462 307 1596 384 4ιςῐ

241 422 408 466 mum
443 401 605 466 nefas
634 451 653 476 ,
683 407 800 466 nisi
841 404 1085 485 amplius
1126 401 1267 466 effet
1296 447 1321 477 ,
1361 420 1605 485 propter

241 485 404 566 quod
446 485 729 548 biberunt.
769 485 984 546 Acium
1034 502 1156 546 erat
1203 485 1278 546 de
1330 487 1601 568 pulcher·-

237 569 392 626 rimo
432 567 678 648 imperio
712 611 731 637 ‚
770 569 879 627 nisi
915 566 1011 627 illa
1040 564 1363 646 conjuratio
1402 568 1463 626 in
1496 562 1597 626 Ci-

240 667 518 709 ceronem
567 649 631 710 &
685 647 1008 709 Antonium
1058 646 1317 708 consules
1360 644 1599 714 incidis-

237 727 326 788 set
365 751 384 804 3
427 749 675 810 quorum
719 729 862 789 alter
901 727 1172 789 industria
1216 749 1341 788 rem
1422 723 1601 787 atefe-

237 810 355 880 cit,
398 809 546 870 alter
583 829 753 869 manu
797 811 1103 891 oppressit.
1148 807 1323 870 Tanti
1389 808 1594 868 celeris

235 890 510 950 indicium
561 909 664 970 per
713 887 977 950 Fulviam
1022 892 1257 950 emersit
1300 931 1319 962 ,
1378 889 1592 949 vilissi-

235 990 400 1030 mum
452 966 701 1030 scortum
737 1014 756 1043 ‚
805 969 904 1030 sed
943 969 1232 1051 puricidii
1289 970 1589 1028 innocen&

235 1046 396 1110 Tum
424 1049 624 1109 consul
659 1050 858 1112 habito
890 1049 1085 1110 senatu
1108 1093 1127 1122 ‚
1159 1051 1219 1108 in
1254 1048 1599 1130 praesentem

233 1148 404 1190 reum
436 1129 648 1190 Cicero
682 1132 975 1212 peroravit
1009 1151 1027 1191 .·
1062 1128 1162 1190 sed
1194 1151 1313 1190 non
1348 1131 1593 1211 amplius

235 1209 561 1292 profefiium
586 1253 604 1285 ,
637 1211 810 1292 quium
849 1229 909 1272 ut
941 1207 1119 1270 hostis
1154 1209 1474 1280 evaderet,
1504 1207 1591 1270 se·

279 1309 352 1352 ue
403 1311 475 1351 ex
515 1289 768 1372 profess'o
812 1289 1145 1352 incendium
1188 1289 1350 1351 suum
1393 1287 1594 1350 restin'-

269 1391 456 1432 „urum
503 1371 665 1432 ruina
709 1372 1037 1434 minaretur.
1094 1369 1167 1432 Et
1216 1371 1309 1432 ille
1355 1371 1595 1454 quidem

233 1452 312 1512 ad
359 1467 738 1534 praeparatum
773 1471 808 1512 a
846 1451 1049 1514 Mallio
1084 1453 1142 1512 in
1178 1449 1403 1514 Etruria
1430 1472 1595 1513 exer-

231 1533 415 1594 citum
460 1529 839 1615 proficiscitur
866 1578 885 1604 ,
927 1534 1087 1616 signa
1125 1532 1383 1593 illaturus
1423 1532 1597 1594 Urbi.
1693 1582 1697 1587 .

232 1611 512 1674 Lentulus
561 1612 905 1675 destinatum
943 1611 1173 1674 familiae
1211 1609 1323 1672 suae
1356 1609 1595 1695 Sibylli·

231 1694 323 1753 nis
377 1693 638 1754 versibus
679 1713 920 1776 regnum
959 1693 1070 1754 sibi
1111 1693 1474 1764 vaticinans,
1518 1693 1595 1754 ad

231 1771 610 1856 praestitutum
672 1797 707 1836 a
760 1772 1010 1836 Catilina
1066 1773 1223 1836 diem
1276 1773 1418 1834 urbe
1468 1773 1596 1836 tota

231 1856 394 1916 viros
418 1900 437 1929 ,
478 1853 634 1916 faces
655 1897 674 1928 ,
729 1854 842 1916 tela
865 1901 887 1932 ,
933 1854 1206 1938 disponit.
1252 1853 1311 1916 N
1315 1876 1381 1916 ec
1432 1855 1595 1916 civili

231 1933 658 2017 conspiratione
697 1953 998 1998 contentus
1021 1981 1043 2010 ‚
1082 1937 1283 2019 legatis
1316 1935 1591 1998 Allobro·

273 2037 371 2076 um
397 2059 418 2089 ‚
461 2019 559 2099 qui
607 2034 730 2079 tum
777 2015 926 2077 forte
987 2017 1266 2091 aderant,
1318 2019 1379 2076 in
1432 2037 1591 2078 arma

227 2035 548 2158 {ollicitatis
585 2140 605 2171 ,
642 2095 786 2158 iisset
824 2097 973 2158 ultra
1013 2096 1198 2178 Alpes
1232 2096 1393 2156 furor
1424 2140 1443 2168 ‚
1478 2099 1589 2157 nisi

226 2177 412 2240 alteri
456 2178 786 2260 proditione
830 2175 1163 2250 Vulturcii,
1200 2180 1459 2258 praetoris
1498 2176 1591 2236 lit-

227 2275 373 2318 terae
415 2269 764 2321 tenerentur.
807 2256 1010 2318 Statim
1056 2255 1360 2318 Ciceronis
1404 2260 1594 2339 impe-

225 2339 320 2399 rio
347 2335 554 2417 injeffli
582 2337 666 2400 est
692 2338 944 2401 barbaris
971 2359 1192 2399 manus,
1221 2337 1411 2399 Palam
1441 2359 1589 2419 prae-

227 2435 327 2480 tor
379 2421 438 2478 in
491 2419 687 2482 senatu
735 2422 1117 2482 convincitur.
1159 2417 1259 2480 De
1302 2419 1585 2502 supplicio

225 2520 262 2559 a
304 2500 530 2562 entibus
567 2546 585 2574 ,
644 2499 834 2562 Caesar
923 2501 1239 2562 arcendum
1285 2501 1587 2584 dignitati,

289 2597 383 2640 ato
426 2581 858 2642 animadverten
903 2603 1001 2652 um
1042 2603 1151 2663 pro
1196 2579 1409 2642 scelere
1452 2603 1591 2642 cen·-

223 2659 404 2722 sebat.
446 2660 654 2740 Quam
695 2660 1037 2722 sententiam
1095 2660 1153 2722 se
1199 2665 1349 2722 uutis
1394 2663 1589 2722 omni*

222 2742 336 2804 bns
376 2786 397 2817 ,
447 2745 506 2804 in
545 2764 772 2805 carcere
815 2742 1111 2824 parricidae
1205 2743 1586 2825 rangulantmz.

1233 2820 1374 2898 G4
