2067 3667
519 267 611 318 12
774 242 847 317 C.
904 246 1166 315 VELL.
1215 243 1610 316 PAttsnc.

505 362 833 447 'deletisque
880 362 1001 445 ejus
1047 384 1118 425 co
1161 365 1230 424 iis
1255 410 1276 437 ‚
1327 362 1664 433 destitutum
1707 362 1876 425 omni

508 446 615 529 :spe
646 448 834 529 coiigit
869 467 901 507 e
934 444 1104 505 Mace
1149 448 1281 505 onia
1315 443 1624 527 profugere
1652 465 1666 503 t
1697 466 1878 527 quam

509 520 615 588 ille
670 528 929 608 linquens
954 571 973 601 ,
1020 528 1082 585 in
1129 524 1368 585 insulam
1419 523 1878 587 Samothraciam

510 607 687 691 profu
728 610 809 680 it,
839 604 1155 689 templique
1181 604 1235 666 se
1267 606 1370 666 reli
1413 608 1532 665 ioni
1559 606 1881 688 supplicem

514 628 787 749 crediffit.
830 686 929 749 Ad
968 707 1100 747 eum
1135 685 1248 748 Cn.
1291 684 1352 747 O
1409 688 1570 748 avius
1610 704 1826 769 praetor
1857 731 1881 762 ,

516 768 617 851 ciui
664 768 829 834 classi
872 785 1148 851 praeerat,
1191 770 1505 849 perueniss
1543 769 1608 829 &
1653 766 1894 829 ratione

512 851 702 931 magis
742 847 911 931 quam
946 852 1005 911 vi
1036 846 1347 931 persuasit,
1382 866 1443 909 ut
1479 847 1533 908 se
1565 846 1885 909 Romano-

512 952 649 991 rum
684 928 823 990 fidei
858 932 1270 991 committeret.
1315 927 1404 989 Ita
1431 928 1660 989 Paullus
1695 932 1888 989 maxi-

512 1032 682 1073 mum
732 1012 1285 1093 nobilissimumque
1315 1030 1512 1091 regem
1556 1012 1616 1069 i‘n
1673 1012 1888 1078 trium-

516 1092 641 1173 pho
671 1092 855 1153 duxit.
890 1090 1226 1170 Quo‘anno
1261 1092 1324 1153 &
1347 1089 1579 1152 oetavii
1615 1093 1886 1172 praetoris

520 1172 747 1233 navalis
762 1218 782 1247 ‚
803 1173 867 1234 &
882 1172 1077 1232 Anicii
1099 1217 1119 1248 ‚
1149 1192 1348 1255 regem
1364 1171 1701 1253 Illyriorum
1721 1172 1893 1235 Gen-

514 1254 667 1315 tium
700 1269 831 1313 ante
864 1272 1098 1313 currum
1121 1255 1338 1335 agentis
1359 1297 1378 1322 ‚
1411 1254 1686 1335 triumphi
1719 1252 1889 1315 fuere

516 1332 802 1394 celebres.
836 1331 1036 1411 Quam
1063 1336 1136 1392 sit
1161 1332 1385 1393 assidua
1422 1334 1893 1395 eminentisfor-

516 1428 676 1475 tunae
716 1434 917 1474 comes
954 1414 1170 1475 invidia
1193 1458 1213 1487 ‚
1261 1414 1656 1496 altissimisque
1695 1416 1896 1477 adhae-

517 1510 646 1555 reat
674 1540 693 1564 ,
742 1496 915 1555 etiam
965 1494 1077 1554 hoc
1135 1494 1338 1577 colligi
1379 1494 1615 1577 potest3
1664 1497 1828 1578 quod
1868 1545 1888 1570 ,

524 1594 710 1657 quum
744 1574 976 1648 Anicii,
1008 1573 1356 1657 octaviique
1392 1580 1565 1637 trium
1609 1576 1748 1637 hum
1787 1598 1900 1638 ne-

523 1676 629 1718 mo
668 1656 1056 1737 interpellaret
1081 1701 1099 1729 ,
1145 1655 1308 1717 fuere
1331 1701 1352 1729 ‚
1401 1660 1501 1739 qui
1538 1600 1720 1718 ῙξωΠί
1775 1660 1892 1719 im-

524 1737 731 1819 pedire
764 1736 1164 1797 obniterentur
1207 1760 1222 1797 ε
1271 1734 1432 1817 cujus
1474 1755 1700 1799 tantum
1734 1742 1894 1821 prio-

521 1838 619 1877 tes
660 1819 939 1888 excessit,
984 1817 1082 1879 vel
1118 1818 1516 1899 magnitudine·
1544 1822 1696 1901 regis
1739 1820 1894 1881 Per-

521 1895 604 1959 sei
628 1940 649 1969 ,
690 1896 793 1978 vel
824 1896 1011 1978 specie
1049 1898 1482 1959 simulacrorum
1507 1946 1523 1971 ,
1561 1900 1661 1961 vel
1703 1900 1892 1963 modo

521 1978 827 2061 pecuniae,
866 1992 929 2037 ut
968 1978 1060 2041 bis
1097 1978 1302 2039 millies
1341 1983 1560 2042 centies
1602 1979 1702 2041 HS
1743 2003 1896 2043 aera-

520 2060 617 2119 rio
656 2058 963 2119 contulerit
982 2106 1001 2131 ‚
1047 2060 1112 2121 &
1151 2062 1415 2120 omnium
1455 2062 1584 2121 ante
1627 2060 1893 2125 actorum

520 2160 667 2206 com
702 2142 1023 2207 arationem
1057 2140 1434 2221 amplitudine
1473 2145 1699 2205 vicerit.

540 2278 547 2283 .
672 2265 687 2282 .
730 2220 835 2282 Pet
862 2221 1023 2281 idem
1051 2228 1316 2303 tempus,
1393 2244 1532 2283 uum
1557 2224 1896 2286 Antiochus

523 2298 854 2381 Epiphanes
874 2347 891 2373 ,
934 2306 1052 2384 qui.
1077 2300 1324 2364 Athenis
1427 2304 1756 2386 lympicum
1805 2309 1900 2366 in.

523 2380 765 2447 ehoavit
798 2427 818 2455 ‚
873 2400 997 2443 tum
1057 2404 1158 2443 rex
1207 2381 1394 2463 Syriae
1425 2430 1448 2456 ‚
1503 2384 1892 2447 Ptolemaeum

524 2462 1178 2544 puerumffAlexandriae
1210 2465 1546 2538 obsideret3
1581 2464 1771 2525 miss'us
1807 2467 1894 2529 est

525 2542 613 2607 ad,
647 2562 783 2602 eum
826 2542 1043 2626 legatus
1081 2542 1310 2605 Marcus
1349 2546 1601 2626 Popilius
1642 2546 1847 2609 Laenas
1872 2595 1894 2620 ‚

528 2623 637 2704 qui·
677 2620 902 2701 juberet
943 2628 1178 2707 incepto
1223 2624 1496 2687 desistere
1525 2649 1546 2701 3
1590 2629 1897 2689 mandata·

528 2722 647 2790 ΨΘ
676 2703 977 2788 ²³¹P0s⁰it2
1017 2709 1084 2774 ὅ(
1119 2726 1318 2790 regem
1347 2707 1797 2785 deliberaturum
1833 2709 1898 2776 se
