<?xml version="1.0" encoding="UTF-8"?>
<!DOCTYPE html PUBLIC "-//W3C//DTD XHTML 1.0 Transitional//EN"
    "http://www.w3.org/TR/xhtml1/DTD/xhtml1-transitional.dtd">
<html xmlns="http://www.w3.org/1999/xhtml" xml:lang="en" lang="en">
 <head>
  <title>
</title>
<meta http-equiv="Content-Type" content="text/html;charset=utf-8" />
  <meta name='ocr-system' content='tesseract 3.04.00' />
  <meta name='ocr-capabilities' content='ocr_page ocr_carea ocr_par ocr_line ocrx_word'/>
</head>
<body>
  <div class='ocr_page' id='page_1' title='image "./caiivelleiipate00lallgoog_0231.png"; bbox 0 0 2067 3667; ppageno 0'>
   <div class='ocr_carea' id='block_1_1' title="bbox 622 248 1584 347">
    <p class='ocr_par' dir='ltr' id='par_1_1' title="bbox 622 248 1584 347">
     <span class='ocr_line' id='line_1_1' title="bbox 622 248 1584 347; baseline 0.007 -27"><span class='ocrx_word' id='word_1_1' title='bbox 622 248 1067 325; x_wconf 58' lang='lat' dir='ltr'>1113th</span> <span class='ocrx_word' id='word_1_2' title='bbox 1168 252 1232 325; x_wconf 82' lang='lat'>1.</span> <span class='ocrx_word' id='word_1_3' title='bbox 1492 279 1584 347; x_wconf 84' lang='lat'>41</span> 
     </span>
    </p>
   </div>
   <div class='ocr_carea' id='block_1_2' title="bbox 196 367 1606 2789">
    <p class='ocr_par' dir='ltr' id='par_1_2' title="bbox 238 367 1598 595">
     <span class='ocr_line' id='line_1_2' title="bbox 238 367 1597 452; baseline 0.005 -23"><span class='ocrx_word' id='word_1_4' title='bbox 238 367 585 452; x_wconf 72' lang='lat' dir='ltr'>proboscide</span> <span class='ocrx_word' id='word_1_5' title='bbox 628 370 871 433; x_wconf 59' lang='lat' dir='ltr'>abscissa</span> <span class='ocrx_word' id='word_1_6' title='bbox 907 417 930 444; x_wconf 89' lang='lat'>,</span> <span class='ocrx_word' id='word_1_7' title='bbox 973 374 1125 433; x_wconf 86' lang='lat' dir='ltr'>mori</span> <span class='ocrx_word' id='word_1_8' title='bbox 1216 370 1332 434; x_wconf 85' lang='lat' dir='ltr'>osse</span> <span class='ocrx_word' id='word_1_9' title='bbox 1374 372 1597 435; x_wconf 78' lang='lat' dir='ltr'>belluas·</span> 
     </span>
     <span class='ocr_line' id='line_1_3' title="bbox 238 450 1598 595; baseline 0.004 -84"><span class='ocrx_word' id='word_1_10' title='bbox 238 450 583 519; x_wconf 74' lang='lat' dir='ltr'>ostenderat.</span> <span class='ocrx_word' id='word_1_11' title='bbox 614 450 827 595; x_wconf 47' lang='lat' dir='ltr'>{taque</span> <span class='ocrx_word' id='word_1_12' title='bbox 882 454 963 517; x_wconf 69' lang='grc' dir='ltr'>δι.</span> <span class='ocrx_word' id='word_1_13' title='bbox 988 456 1048 513; x_wconf 90' lang='lat' dir='ltr'>in</span> <span class='ocrx_word' id='word_1_14' title='bbox 1097 456 1155 533; x_wconf 85' lang='lat' dir='ltr'>ip</span> <span class='ocrx_word' id='word_1_15' title='bbox 1183 476 1242 514; x_wconf 82' lang='lat' dir='ltr'>as</span> <span class='ocrx_word' id='word_1_16' title='bbox 1289 454 1406 535; x_wconf 86' lang='lat' dir='ltr'>pila</span> <span class='ocrx_word' id='word_1_17' title='bbox 1450 477 1598 515; x_wconf 86' lang='lat' dir='ltr'>con·-</span> 
     </span>
    </p>

    <p class='ocr_par' dir='ltr' id='par_1_3' title="bbox 196 530 1596 1821">
     <span class='ocr_line' id='line_1_4' title="bbox 280 530 1593 609; baseline 0.002 -18"><span class='ocrx_word' id='word_1_18' title='bbox 280 530 392 591; x_wconf 82' lang='lat' dir='ltr'>esta</span> <span class='ocrx_word' id='word_1_19' title='bbox 422 530 608 606; x_wconf 28' lang='lat' dir='ltr'>sunt*</span> <span class='ocrx_word' id='word_1_20' title='bbox 710 536 767 591; x_wconf 89' lang='lat' dir='ltr'>in</span> <span class='ocrx_word' id='word_1_21' title='bbox 787 551 969 593; x_wconf 88' lang='lat' dir='ltr'>turres</span> <span class='ocrx_word' id='word_1_22' title='bbox 990 534 1224 595; x_wconf 80' lang='lat' dir='ltr'>vibratae</span> <span class='ocrx_word' id='word_1_23' title='bbox 1251 534 1406 595; x_wconf 85' lang='lat' dir='ltr'>faces</span> <span class='ocrx_word' id='word_1_24' title='bbox 1423 580 1442 609; x_wconf 92' lang='lat'>,</span> <span class='ocrx_word' id='word_1_25' title='bbox 1465 554 1593 596; x_wconf 80' lang='lat' dir='ltr'>tota</span> 
     </span>
     <span class='ocr_line' id='line_1_5' title="bbox 234 550 1594 695; baseline 0.004 -24"><span class='ocrx_word' id='word_1_26' title='bbox 234 550 487 681; x_wconf 50' lang='lat' dir='ltr'>{ostium</span> <span class='ocrx_word' id='word_1_27' title='bbox 526 618 749 693; x_wconf 85' lang='lat' dir='ltr'>agmina</span> <span class='ocrx_word' id='word_1_28' title='bbox 782 614 1108 675; x_wconf 79' lang='lat' dir='ltr'>ardentibus</span> <span class='ocrx_word' id='word_1_29' title='bbox 1141 617 1314 674; x_wconf 86' lang='lat' dir='ltr'>ruinis</span> <span class='ocrx_word' id='word_1_30' title='bbox 1347 637 1594 695; x_wconf 87' lang='lat' dir='ltr'>operue-</span> 
     </span>
     <span class='ocr_line' id='line_1_6' title="bbox 234 692 1590 775; baseline 0.003 -22"><span class='ocrx_word' id='word_1_31' title='bbox 234 712 301 759; x_wconf 80' lang='lat' dir='ltr'>re</span> <span class='ocrx_word' id='word_1_32' title='bbox 338 714 353 753; x_wconf 91' lang='lat'><strong>:</strong></span> <span class='ocrx_word' id='word_1_33' title='bbox 390 714 497 756; x_wconf 88' lang='lat' dir='ltr'>nec</span> <span class='ocrx_word' id='word_1_34' title='bbox 540 695 669 753; x_wconf 75' lang='lat' dir='ltr'>ante</span> <span class='ocrx_word' id='word_1_35' title='bbox 706 693 855 755; x_wconf 87' lang='lat' dir='ltr'>cladi</span> <span class='ocrx_word' id='word_1_36' title='bbox 896 692 1025 754; x_wconf 83' lang='lat' dir='ltr'>finis</span> <span class='ocrx_word' id='word_1_37' title='bbox 1065 694 1170 755; x_wconf 88' lang='lat' dir='ltr'>fuit</span> <span class='ocrx_word' id='word_1_38' title='bbox 1201 740 1224 769; x_wconf 87' lang='lat'>,</span> <span class='ocrx_word' id='word_1_39' title='bbox 1261 696 1432 775; x_wconf 66' lang='lat' dir='ltr'>quam</span> <span class='ocrx_word' id='word_1_40' title='bbox 1467 716 1590 757; x_wconf 78' lang='lat' dir='ltr'>nox</span> 
     </span>
     <span class='ocr_line' id='line_1_7' title="bbox 232 773 1592 858; baseline 0.003 -25"><span class='ocrx_word' id='word_1_41' title='bbox 232 773 572 846; x_wconf 55' lang='lat' dir='ltr'>dirimerem</span> <span class='ocrx_word' id='word_1_42' title='bbox 614 774 1048 855; x_wconf 84' lang='lat' dir='ltr'>postremusque</span> <span class='ocrx_word' id='word_1_43' title='bbox 1087 775 1428 857; x_wconf 84' lang='lat' dir='ltr'><strong>fugientium</strong></span> <span class='ocrx_word' id='word_1_44' title='bbox 1468 776 1592 858; x_wconf 87' lang='lat' dir='ltr'>ipse</span> 
     </span>
     <span class='ocr_line' id='line_1_8' title="bbox 232 854 1593 919; baseline 0.004 -7"><span class='ocrx_word' id='word_1_45' title='bbox 232 874 337 915; x_wconf 83' lang='lat' dir='ltr'>rex</span> <span class='ocrx_word' id='word_1_46' title='bbox 370 876 404 913; x_wconf 85' lang='lat' dir='ltr'>a</span> <span class='ocrx_word' id='word_1_47' title='bbox 436 854 763 915; x_wconf 83' lang='lat' dir='ltr'>satellitibus</span> <span class='ocrx_word' id='word_1_48' title='bbox 797 856 1042 919; x_wconf 87' lang='lat' dir='ltr'>humero</span> <span class='ocrx_word' id='word_1_49' title='bbox 1076 856 1290 916; x_wconf 83' lang='lat' dir='ltr'>saucius</span> <span class='ocrx_word' id='word_1_50' title='bbox 1323 860 1382 915; x_wconf 91' lang='lat' dir='ltr'>in</span> <span class='ocrx_word' id='word_1_51' title='bbox 1414 860 1593 917; x_wconf 62' lang='lat' dir='ltr'>armis</span> 
     </span>
     <span class='ocr_line' id='line_1_9' title="bbox 233 932 1595 1017; baseline 0.003 -24"><span class='ocrx_word' id='word_1_52' title='bbox 233 932 347 993; x_wconf 83' lang='lat' dir='ltr'>suis</span> <span class='ocrx_word' id='word_1_53' title='bbox 394 934 717 995; x_wconf 85' lang='lat' dir='ltr'><strong>referretur.</strong></span> <span class='ocrx_word' id='word_1_54' title='bbox 766 935 1033 995; x_wconf 80' lang='lat' dir='ltr'>Lucaniae</span> <span class='ocrx_word' id='word_1_55' title='bbox 1083 934 1346 1016; x_wconf 88' lang='lat' dir='ltr'>suprema</span> <span class='ocrx_word' id='word_1_56' title='bbox 1401 958 1478 1017; x_wconf 91' lang='lat' dir='ltr'>pu</span> <span class='ocrx_word' id='word_1_57' title='bbox 1559 958 1595 997; x_wconf 84' lang='lat' dir='ltr'>a</span> 
     </span>
     <span class='ocr_line' id='line_1_10' title="bbox 231 1012 1592 1096; baseline 0.001 -21"><span class='ocrx_word' id='word_1_58' title='bbox 231 1012 339 1075; x_wconf 83' lang='lat' dir='ltr'>sub</span> <span class='ocrx_word' id='word_1_59' title='bbox 379 1012 685 1087; x_wconf 83' lang='lat' dir='ltr'>Arusinis,</span> <span class='ocrx_word' id='word_1_60' title='bbox 724 1036 869 1095; x_wconf 90' lang='lat' dir='ltr'>quos</span> <span class='ocrx_word' id='word_1_61' title='bbox 904 1033 1120 1077; x_wconf 84' lang='lat' dir='ltr'>vocant</span> <span class='ocrx_word' id='word_1_62' title='bbox 1143 1060 1163 1088; x_wconf 94' lang='lat'>,</span> <span class='ocrx_word' id='word_1_63' title='bbox 1195 1017 1446 1096; x_wconf 86' lang='lat' dir='ltr'>campis,</span> <span class='ocrx_word' id='word_1_64' title='bbox 1520 1039 1592 1077; x_wconf 86' lang='lat' dir='ltr'>u·</span> 
     </span>
     <span class='ocr_line' id='line_1_11' title="bbox 234 1094 1593 1176; baseline 0.002 -21"><span class='ocrx_word' id='word_1_65' title='bbox 234 1094 399 1155; x_wconf 82' lang='lat' dir='ltr'>cibus</span> <span class='ocrx_word' id='word_1_66' title='bbox 443 1094 647 1154; x_wconf 87' lang='lat' dir='ltr'>iisdem</span> <span class='ocrx_word' id='word_1_67' title='bbox 690 1098 789 1175; x_wconf 81' lang='lat' dir='ltr'>qui</span> <span class='ocrx_word' id='word_1_68' title='bbox 832 1094 1084 1176; x_wconf 71' lang='lat' dir='ltr'>superius</span> <span class='ocrx_word' id='word_1_69' title='bbox 1124 1116 1141 1154; x_wconf 87' lang='lat'>:</span> <span class='ocrx_word' id='word_1_70' title='bbox 1175 1094 1273 1156; x_wconf 90' lang='lat' dir='ltr'>sed</span> <span class='ocrx_word' id='word_1_71' title='bbox 1329 1113 1461 1155; x_wconf 85' lang='lat' dir='ltr'>tunc</span> <span class='ocrx_word' id='word_1_72' title='bbox 1518 1097 1593 1159; x_wconf 86' lang='lat' dir='ltr'>ad</span> 
     </span>
     <span class='ocr_line' id='line_1_12' title="bbox 234 1175 1596 1256; baseline 0 -20"><span class='ocrx_word' id='word_1_73' title='bbox 234 1190 423 1241; x_wconf 81' lang='lat' dir='ltr'>totam</span> <span class='ocrx_word' id='word_1_74' title='bbox 486 1175 787 1235; x_wconf 59' lang='lat' dir='ltr'>vietoriam</span> <span class='ocrx_word' id='word_1_75' title='bbox 846 1178 1062 1235; x_wconf 81' lang='lat' dir='ltr'>exitum</span> <span class='ocrx_word' id='word_1_76' title='bbox 1101 1218 1122 1246; x_wconf 90' lang='lat'><strong>‚</strong></span> <span class='ocrx_word' id='word_1_77' title='bbox 1171 1196 1346 1256; x_wconf 89' lang='lat' dir='ltr'>quem</span> <span class='ocrx_word' id='word_1_78' title='bbox 1395 1176 1596 1237; x_wconf 85' lang='lat' dir='ltr'>datura</span> 
     </span>
     <span class='ocr_line' id='line_1_13' title="bbox 234 1253 1590 1337; baseline -0.001 -18"><span class='ocrx_word' id='word_1_79' title='bbox 234 1257 418 1319; x_wconf 76' lang='lat' dir='ltr'>virtus</span> <span class='ocrx_word' id='word_1_80' title='bbox 448 1253 593 1329; x_wconf 88' lang='lat' dir='ltr'>fuit,</span> <span class='ocrx_word' id='word_1_81' title='bbox 621 1254 775 1315; x_wconf 88' lang='lat' dir='ltr'>casus</span> <span class='ocrx_word' id='word_1_82' title='bbox 812 1256 993 1319; x_wconf 81' lang='lat' dir='ltr'><strong>dedit.</strong></span> <span class='ocrx_word' id='word_1_83' title='bbox 1026 1254 1180 1317; x_wconf 88' lang='lat' dir='ltr'>Nam</span> <span class='ocrx_word' id='word_1_84' title='bbox 1214 1256 1502 1337; x_wconf 71' lang='lat' dir='ltr'>produffis</span> <span class='ocrx_word' id='word_1_85' title='bbox 1529 1260 1590 1317; x_wconf 87' lang='lat' dir='ltr'>in</span> 
     </span>
     <span class='ocr_line' id='line_1_14' title="bbox 232 1335 1590 1420; baseline 0.003 -25"><span class='ocrx_word' id='word_1_86' title='bbox 232 1339 485 1420; x_wconf 84' lang='lat' dir='ltr'>primam</span> <span class='ocrx_word' id='word_1_87' title='bbox 528 1338 715 1397; x_wconf 83' lang='lat' dir='ltr'>aciem</span> <span class='ocrx_word' id='word_1_88' title='bbox 762 1335 947 1396; x_wconf 88' lang='lat' dir='ltr'>rursus</span> <span class='ocrx_word' id='word_1_89' title='bbox 1002 1337 1320 1419; x_wconf 84' lang='lat' dir='ltr'>elephantis</span> <span class='ocrx_word' id='word_1_90' title='bbox 1345 1382 1368 1409; x_wconf 91' lang='lat'><strong><em>,</em></strong></span> <span class='ocrx_word' id='word_1_91' title='bbox 1412 1360 1590 1399; x_wconf 88' lang='lat' dir='ltr'>unum</span> 
     </span>
     <span class='ocr_line' id='line_1_15' title="bbox 232 1417 1592 1500; baseline 0.001 -23"><span class='ocrx_word' id='word_1_92' title='bbox 232 1436 311 1477; x_wconf 82' lang='lat' dir='ltr'>ex</span> <span class='ocrx_word' id='word_1_93' title='bbox 344 1417 431 1477; x_wconf 89' lang='lat' dir='ltr'>his</span> <span class='ocrx_word' id='word_1_94' title='bbox 468 1418 689 1497; x_wconf 89' lang='lat' dir='ltr'>pullum</span> <span class='ocrx_word' id='word_1_95' title='bbox 730 1417 909 1478; x_wconf 72' lang='lat' dir='ltr'>adaffl</span> <span class='ocrx_word' id='word_1_96' title='bbox 952 1419 1011 1477; x_wconf 88' lang='lat' dir='ltr'>in</span> <span class='ocrx_word' id='word_1_97' title='bbox 1051 1436 1223 1499; x_wconf 87' lang='lat' dir='ltr'>caput</span> <span class='ocrx_word' id='word_1_98' title='bbox 1265 1418 1364 1477; x_wconf 90' lang='lat' dir='ltr'>teli</span> <span class='ocrx_word' id='word_1_99' title='bbox 1400 1422 1592 1500; x_wconf 83' lang='lat' dir='ltr'>gravis</span> 
     </span>
     <span class='ocr_line' id='line_1_16' title="bbox 196 1496 1592 1581; baseline -0.001 -19"><span class='ocrx_word' id='word_1_100' title='bbox 196 1564 209 1567; x_wconf 76' lang='grc'><em>,</em></span> <span class='ocrx_word' id='word_1_101' title='bbox 230 1496 377 1562; x_wconf 58' lang='lat' dir='ltr'>iiius</span> <span class='ocrx_word' id='word_1_102' title='bbox 408 1502 617 1559; x_wconf 82' lang='lat' dir='ltr'>avertit</span> <span class='ocrx_word' id='word_1_103' title='bbox 642 1520 657 1558; x_wconf 73' lang='grc' dir='ltr'><strong>ε</strong></span> <span class='ocrx_word' id='word_1_104' title='bbox 698 1500 795 1579; x_wconf 86' lang='lat' dir='ltr'>qui</span> <span class='ocrx_word' id='word_1_105' title='bbox 826 1514 1006 1579; x_wconf 86' lang='lat' dir='ltr'>quum</span> <span class='ocrx_word' id='word_1_106' title='bbox 1043 1519 1146 1579; x_wconf 88' lang='lat' dir='ltr'>per</span> <span class='ocrx_word' id='word_1_107' title='bbox 1177 1498 1422 1581; x_wconf 84' lang='lat' dir='ltr'>stragem</span> <span class='ocrx_word' id='word_1_108' title='bbox 1455 1498 1592 1560; x_wconf 88' lang='lat' dir='ltr'>suo-</span> 
     </span>
     <span class='ocr_line' id='line_1_17' title="bbox 230 1578 1590 1659; baseline -0.004 -16"><span class='ocrx_word' id='word_1_109' title='bbox 230 1599 363 1643; x_wconf 78' lang='lat' dir='ltr'>rum</span> <span class='ocrx_word' id='word_1_110' title='bbox 444 1600 783 1659; x_wconf 86' lang='lat' dir='ltr'>percurrens</span> <span class='ocrx_word' id='word_1_111' title='bbox 860 1578 1104 1639; x_wconf 88' lang='lat' dir='ltr'>stridore</span> <span class='ocrx_word' id='word_1_112' title='bbox 1225 1595 1518 1639; x_wconf 86' lang='lat' dir='ltr'>uereretur</span> <span class='ocrx_word' id='word_1_113' title='bbox 1566 1622 1590 1651; x_wconf 91' lang='lat'><strong>‚</strong></span> 
     </span>
     <span class='ocr_line' id='line_1_18' title="bbox 231 1602 1592 1741; baseline -0.002 -21"><span class='ocrx_word' id='word_1_114' title='bbox 231 1673 417 1721; x_wconf 80' lang='lat' dir='ltr'>mater</span> <span class='ocrx_word' id='word_1_115' title='bbox 444 1662 683 1741; x_wconf 86' lang='lat' dir='ltr'>agnovit</span> <span class='ocrx_word' id='word_1_116' title='bbox 702 1703 723 1731; x_wconf 89' lang='lat'>,</span> <span class='ocrx_word' id='word_1_117' title='bbox 762 1660 825 1719; x_wconf 69' lang='grc' dir='ltr'>ὃ(</span> <span class='ocrx_word' id='word_1_118' title='bbox 849 1704 867 1729; x_wconf 92' lang='grc'><strong>,</strong></span> <span class='ocrx_word' id='word_1_119' title='bbox 898 1660 1062 1739; x_wconf 83' lang='lat' dir='ltr'>quasi</span> <span class='ocrx_word' id='word_1_120' title='bbox 1095 1602 1412 1719; x_wconf 46' lang='lat' dir='ltr'>vindicaret</span> <span class='ocrx_word' id='word_1_121' title='bbox 1431 1702 1450 1731; x_wconf 91' lang='lat'><strong>‚</strong></span> <span class='ocrx_word' id='word_1_122' title='bbox 1487 1678 1592 1719; x_wconf 85' lang='lat' dir='ltr'>ex-</span> 
     </span>
     <span class='ocr_line' id='line_1_19' title="bbox 234 1738 1588 1821; baseline 0 -22"><span class='ocrx_word' id='word_1_123' title='bbox 234 1739 387 1799; x_wconf 83' lang='lat' dir='ltr'>siluit</span> <span class='ocrx_word' id='word_1_124' title='bbox 438 1760 453 1798; x_wconf 86' lang='lat'>:</span> <span class='ocrx_word' id='word_1_125' title='bbox 516 1757 640 1799; x_wconf 89' lang='lat' dir='ltr'>tum</span> <span class='ocrx_word' id='word_1_126' title='bbox 695 1742 888 1799; x_wconf 86' lang='lat' dir='ltr'>omnia</span> <span class='ocrx_word' id='word_1_127' title='bbox 944 1741 1092 1799; x_wconf 83' lang='lat' dir='ltr'>circa</span> <span class='ocrx_word' id='word_1_128' title='bbox 1149 1741 1309 1821; x_wconf 83' lang='lat' dir='ltr'>quasi</span> <span class='ocrx_word' id='word_1_129' title='bbox 1359 1738 1588 1799; x_wconf 85' lang='lat' dir='ltr'>hostilia</span> 
     </span>
    </p>

    <p class='ocr_par' dir='ltr' id='par_1_4' title="bbox 226 1818 1592 2221">
     <span class='ocr_line' id='line_1_20' title="bbox 275 1818 1591 1901; baseline 0.003 -24"><span class='ocrx_word' id='word_1_130' title='bbox 275 1822 397 1879; x_wconf 83' lang='lat' dir='ltr'>ravi</span> <span class='ocrx_word' id='word_1_131' title='bbox 448 1820 656 1880; x_wconf 85' lang='lat' dir='ltr'>timore</span> <span class='ocrx_word' id='word_1_132' title='bbox 704 1818 1048 1901; x_wconf 85' lang='lat' dir='ltr'>permiscuit.</span> <span class='ocrx_word' id='word_1_133' title='bbox 1101 1819 1193 1879; x_wconf 85' lang='lat' dir='ltr'>Ac</span> <span class='ocrx_word' id='word_1_134' title='bbox 1244 1822 1321 1879; x_wconf 85' lang='lat' dir='ltr'>sic</span> <span class='ocrx_word' id='word_1_135' title='bbox 1367 1819 1591 1881; x_wconf 85' lang='lat' dir='ltr'>eaedem</span> 
     </span>
     <span class='ocr_line' id='line_1_21' title="bbox 228 1840 1589 1983; baseline -0.003 -20"><span class='ocrx_word' id='word_1_136' title='bbox 228 1840 367 1965; x_wconf 50' lang='grc' dir='ltr'>ἔειπε</span> <span class='ocrx_word' id='word_1_137' title='bbox 388 1946 407 1973; x_wconf 92' lang='grc'><strong>,</strong></span> <span class='ocrx_word' id='word_1_138' title='bbox 438 1923 569 1983; x_wconf 81' lang='lat' dir='ltr'>quae</span> <span class='ocrx_word' id='word_1_139' title='bbox 599 1902 843 1981; x_wconf 86' lang='lat' dir='ltr'>primam</span> <span class='ocrx_word' id='word_1_140' title='bbox 874 1899 1170 1961; x_wconf 56' lang='lat' dir='ltr'>vidioriam</span> <span class='ocrx_word' id='word_1_141' title='bbox 1201 1898 1544 1961; x_wconf 82' lang='lat' dir='ltr'>abstulerant</span> <span class='ocrx_word' id='word_1_142' title='bbox 1566 1945 1589 1974; x_wconf 88' lang='lat'><strong>,</strong></span> 
     </span>
     <span class='ocr_line' id='line_1_22' title="bbox 226 1980 1590 2055; baseline -0.001 -13"><span class='ocrx_word' id='word_1_143' title='bbox 226 1980 541 2043; x_wconf 85' lang='lat' dir='ltr'>secundam</span> <span class='ocrx_word' id='word_1_144' title='bbox 584 2002 781 2055; x_wconf 80' lang='lat' dir='ltr'>parem</span> <span class='ocrx_word' id='word_1_145' title='bbox 830 1980 1086 2041; x_wconf 86' lang='lat' dir='ltr'>fecerant</span> <span class='ocrx_word' id='word_1_146' title='bbox 1117 2026 1137 2054; x_wconf 90' lang='lat'>‚</span> <span class='ocrx_word' id='word_1_147' title='bbox 1184 1983 1412 2041; x_wconf 83' lang='lat' dir='ltr'>tertiam</span> <span class='ocrx_word' id='word_1_148' title='bbox 1465 1983 1590 2041; x_wconf 85' lang='lat' dir='ltr'>sine</span> 
     </span>
     <span class='ocr_line' id='line_1_23' title="bbox 227 2061 1592 2125; baseline -0.003 0"><span class='ocrx_word' id='word_1_149' title='bbox 227 2065 631 2125; x_wconf 79' lang='lat' dir='ltr'>controversia</span> <span class='ocrx_word' id='word_1_150' title='bbox 667 2062 973 2122; x_wconf 84' lang='lat' dir='ltr'>tradidere.</span> <span class='ocrx_word' id='word_1_151' title='bbox 1017 2061 1146 2122; x_wconf 88' lang='lat' dir='ltr'>Nec</span> <span class='ocrx_word' id='word_1_152' title='bbox 1179 2062 1325 2121; x_wconf 79' lang='lat' dir='ltr'>verb</span> <span class='ocrx_word' id='word_1_153' title='bbox 1367 2063 1592 2121; x_wconf 68' lang='lat' dir='ltr'>tantum</span> 
     </span>
     <span class='ocr_line' id='line_1_24' title="bbox 226 2140 1590 2221; baseline -0.002 -18"><span class='ocrx_word' id='word_1_154' title='bbox 226 2146 447 2219; x_wconf 61' lang='grc' dir='ltr'>ειτηιὶε,</span> <span class='ocrx_word' id='word_1_155' title='bbox 484 2144 551 2203; x_wconf 87' lang='lat'>&amp;</span> <span class='ocrx_word' id='word_1_156' title='bbox 594 2144 653 2201; x_wconf 88' lang='lat' dir='ltr'>in</span> <span class='ocrx_word' id='word_1_157' title='bbox 700 2144 916 2221; x_wconf 85' lang='lat' dir='ltr'>campis</span> <span class='ocrx_word' id='word_1_158' title='bbox 948 2185 968 2213; x_wconf 90' lang='lat'><strong>,</strong></span> <span class='ocrx_word' id='word_1_159' title='bbox 1005 2140 1104 2203; x_wconf 89' lang='lat' dir='ltr'>sed</span> <span class='ocrx_word' id='word_1_160' title='bbox 1142 2142 1394 2201; x_wconf 87' lang='lat' dir='ltr'>consiliis</span> <span class='ocrx_word' id='word_1_161' title='bbox 1435 2162 1590 2219; x_wconf 86' lang='lat' dir='ltr'>quo-</span> 
     </span>
    </p>

    <p class='ocr_par' dir='ltr' id='par_1_5' title="bbox 226 2220 1606 2789">
     <span class='ocr_line' id='line_1_25' title="bbox 274 2220 1594 2305; baseline -0.004 -20"><span class='ocrx_word' id='word_1_162' title='bbox 274 2246 347 2285; x_wconf 88' lang='lat' dir='ltr'>ue</span> <span class='ocrx_word' id='word_1_163' title='bbox 383 2224 449 2283; x_wconf 86' lang='lat'>&amp;</span> <span class='ocrx_word' id='word_1_164' title='bbox 484 2224 647 2281; x_wconf 86' lang='lat' dir='ltr'>domi</span> <span class='ocrx_word' id='word_1_165' title='bbox 682 2224 825 2281; x_wconf 86' lang='lat' dir='ltr'>intra</span> <span class='ocrx_word' id='word_1_166' title='bbox 846 2223 1074 2281; x_wconf 88' lang='lat' dir='ltr'>Urbem</span> <span class='ocrx_word' id='word_1_167' title='bbox 1111 2242 1244 2281; x_wconf 86' lang='lat' dir='ltr'>cum</span> <span class='ocrx_word' id='word_1_168' title='bbox 1280 2241 1414 2305; x_wconf 82' lang='lat' dir='ltr'>rege</span> <span class='ocrx_word' id='word_1_169' title='bbox 1442 2220 1594 2301; x_wconf 87' lang='lat' dir='ltr'>Pyr-</span> 
     </span>
     <span class='ocr_line' id='line_1_26' title="bbox 227 2300 1590 2384; baseline -0.003 -17"><span class='ocrx_word' id='word_1_170' title='bbox 227 2326 259 2367; x_wconf 81' lang='grc' dir='ltr'>ι·</span> <span class='ocrx_word' id='word_1_171' title='bbox 298 2328 337 2365; x_wconf 93' lang='lat' dir='ltr'>o</span> <span class='ocrx_word' id='word_1_172' title='bbox 386 2305 723 2363; x_wconf 87' lang='lat' dir='ltr'>dimicatum</span> <span class='ocrx_word' id='word_1_173' title='bbox 759 2301 858 2361; x_wconf 89' lang='lat' dir='ltr'>est.</span> <span class='ocrx_word' id='word_1_174' title='bbox 896 2301 1141 2384; x_wconf 84' lang='lat' dir='ltr'>Quippe</span> <span class='ocrx_word' id='word_1_175' title='bbox 1182 2300 1312 2383; x_wconf 89' lang='lat' dir='ltr'>post</span> <span class='ocrx_word' id='word_1_176' title='bbox 1347 2304 1590 2384; x_wconf 79' lang='lat' dir='ltr'>primam</span> 
     </span>
     <span class='ocr_line' id='line_1_27' title="bbox 226 2382 1592 2453; baseline -0.001 -8"><span class='ocrx_word' id='word_1_177' title='bbox 226 2384 671 2445; x_wconf 62' lang='lat' dir='ltr'>vie‘toriamrex</span> <span class='ocrx_word' id='word_1_178' title='bbox 718 2384 955 2447; x_wconf 81' lang='lat' dir='ltr'>callidus</span> <span class='ocrx_word' id='word_1_179' title='bbox 980 2429 998 2453; x_wconf 91' lang='lat'>‚</span> <span class='ocrx_word' id='word_1_180' title='bbox 1051 2382 1334 2443; x_wconf 71' lang='lat' dir='ltr'>intelleffli</span> <span class='ocrx_word' id='word_1_181' title='bbox 1377 2385 1592 2445; x_wconf 81' lang='lat' dir='ltr'>virtute</span> 
     </span>
     <span class='ocr_line' id='line_1_28' title="bbox 228 2461 1586 2545; baseline -0.004 -16"><span class='ocrx_word' id='word_1_182' title='bbox 228 2465 500 2529; x_wconf 58' lang='lat' dir='ltr'>Romana</span> <span class='ocrx_word' id='word_1_183' title='bbox 528 2510 545 2534; x_wconf 95' lang='lat'>‚</span> <span class='ocrx_word' id='word_1_184' title='bbox 579 2464 763 2525; x_wconf 86' lang='lat' dir='ltr'>statim</span> <span class='ocrx_word' id='word_1_185' title='bbox 803 2463 1131 2545; x_wconf 84' lang='lat' dir='ltr'>desperavit</span> <span class='ocrx_word' id='word_1_186' title='bbox 1166 2466 1334 2525; x_wconf 82' lang='lat' dir='ltr'>armis</span> <span class='ocrx_word' id='word_1_187' title='bbox 1356 2505 1376 2535; x_wconf 89' lang='lat'><strong>‚</strong></span> <span class='ocrx_word' id='word_1_188' title='bbox 1411 2461 1586 2544; x_wconf 87' lang='lat' dir='ltr'>seque</span> 
     </span>
     <span class='ocr_line' id='line_1_29' title="bbox 230 2544 1590 2627; baseline -0.001 -23"><span class='ocrx_word' id='word_1_189' title='bbox 230 2546 311 2611; x_wconf 74' lang='lat' dir='ltr'>ad</span> <span class='ocrx_word' id='word_1_190' title='bbox 352 2546 523 2605; x_wconf 89' lang='lat' dir='ltr'>dolos</span> <span class='ocrx_word' id='word_1_191' title='bbox 555 2546 815 2606; x_wconf 84' lang='lat' dir='ltr'>contulit.</span> <span class='ocrx_word' id='word_1_192' title='bbox 853 2544 1006 2605; x_wconf 84' lang='lat' dir='ltr'>Nam</span> <span class='ocrx_word' id='word_1_193' title='bbox 1045 2548 1424 2627; x_wconf 87' lang='lat' dir='ltr'>interemptos</span> <span class='ocrx_word' id='word_1_194' title='bbox 1463 2564 1590 2603; x_wconf 88' lang='lat' dir='ltr'>cre-</span> 
     </span>
     <span class='ocr_line' id='line_1_30' title="bbox 232 2623 1606 2706; baseline -0.003 -18"><span class='ocrx_word' id='word_1_195' title='bbox 232 2628 419 2689; x_wconf 83' lang='lat' dir='ltr'>mavit</span> <span class='ocrx_word' id='word_1_196' title='bbox 461 2624 791 2706; x_wconf 69' lang='lat' dir='ltr'>;,captiv0s</span> <span class='ocrx_word' id='word_1_197' title='bbox 824 2643 895 2685; x_wconf 86' lang='lat' dir='ltr'>ue</span> <span class='ocrx_word' id='word_1_198' title='bbox 944 2626 1304 2705; x_wconf 83' lang='lat' dir='ltr'>indulgenter</span> <span class='ocrx_word' id='word_1_199' title='bbox 1346 2623 1541 2686; x_wconf 83' lang='lat' dir='ltr'>habuit</span> <span class='ocrx_word' id='word_1_200' title='bbox 1569 2667 1606 2701; x_wconf 70' lang='lat' dir='ltr'>s.</span> 
     </span>
     <span class='ocr_line' id='line_1_31' title="bbox 232 2648 1588 2789; baseline -0.003 -18"><span class='ocrx_word' id='word_1_201' title='bbox 232 2707 303 2771; x_wconf 67' lang='grc' dir='ltr'><strong>ἃ</strong></span> <span class='ocrx_word' id='word_1_202' title='bbox 338 2708 461 2769; x_wconf 86' lang='lat' dir='ltr'>sine</span> <span class='ocrx_word' id='word_1_203' title='bbox 499 2708 690 2787; x_wconf 83' lang='lat' dir='ltr'>pretio</span> <span class='ocrx_word' id='word_1_204' title='bbox 730 2648 993 2771; x_wconf 46' lang='lat' dir='ltr'>recitauit.</span> <span class='ocrx_word' id='word_1_205' title='bbox 1028 2704 1339 2789; x_wconf 81' lang='lat' dir='ltr'>Missisque</span> <span class='ocrx_word' id='word_1_206' title='bbox 1378 2704 1588 2767; x_wconf 82' lang='lat' dir='ltr'>deinde</span> 
     </span>
    </p>
   </div>
  </div>
 </body>
</html>
