2067 3667
506 304 601 353 20
748 282 822 350 L.
872 282 1237 351 ANNAEI
1285 282 1588 351 onnz

1131 422 1232 455 ⁶8)-

527 444 1842 497 mne—m·

813 531 1242 621 CAPUT
1339 553 1543 621 vn.

578 719 701 771 DE
752 714 1282 787 TARQUINIO
1335 715 1783 769 SUPERBO.

510 840 1023 949 POSTREMUS
1055 879 1316 939 omnium
1347 878 1451 939 fuit
1484 900 1681 963 regum
1715 880 1866 941 Tar-

512 968 739 1046 quinius
774 1011 789 1034 ,
828 966 919 1021 cui
966 980 1292 1041 cognomen
1329 964 1564 1040 Superbo
1607 983 1679 1021 ex
1726 982 1866 1021 mo·-

510 1046 665 1105 ribus
708 1045 921 1105 datum.
962 1041 1076 1101 Hic
1119 1062 1360 1123 regnum
1398 1043 1614 1100 avitum
1643 1088 1662 1117 ,
1698 1042 1863 1123 quod

510 1148 545 1185 a
574 1124 779 1185 Servio
802 1123 1152 1193 „tenebatun
1187 1142 1386 1201 rapere
1421 1122 1658 1193 maluit,
1686 1123 1865 1203 quem

510 1200 830 1287 exspefiaie
855 1226 873 1277 ;
897 1202 1275 1284 immissisque
1309 1204 1367 1260 in
1402 1222 1535 1261 eum
1569 1200 1866 1284 percuffo·

511 1286 665 1345 ribus
687 1328 706 1358 ‚
738 1284 951 1344 scelere
979 1301 1196 1365 partam
1221 1280 1560 1363 potestatem
1587 1304 1704 1342 non
1733 1303 1868 1342 me·

512 1368 621 1425 libs
658 1368 807 1446 egit,
838 1364 1007 1444 quium
1043 1385 1106 1422 ac
1153 1364 1400 1423 uisierat.
1431 1362 1490 1422 N
1495 1384 1560 1423 ec
1595 1364 1868 1424 abhorre-

510 1446 610 1505 bat
644 1445 901 1505 moribus
930 1464 1077 1503 uxor
1100 1384 1294 1503 {lunia
1316 1487 1334 1516 ‚
1371 1464 1498 1523 quae
1519 1491 1536 1513 ,
1569 1462 1633 1505 ut
1664 1448 1864 1505 virum

492 1515 1002 1608 ·regem'salutaret
1023 1567 1042 1596 ‚
1068 1522 1234 1604 super
1267 1542 1564 1583 cruentum
1594 1541 1811 1605 patrem
1836 1570 1862 1597 ,

510 1606 677 1667 vesta
716 1622 990 1686 carpento
1014 1648 1033 1675 ‚
1069 1603 1460 1665 consternatos
1496 1626 1676 1686 equos
1717 1608 1859 1687 egit.
1946 1628 1950 1631 ·

512 1686 633 1747 Sed
666 1686 783 1767 ipse
826 1690 882 1745 in
922 1684 1180 1747 senatum
1223 1686 1472 1744 caedibus
1497 1731 1512 1757 ,
1553 1689 1612 1743 in
1653 1706 1860 1745 omnes

510 1768 773 1847 supe-rbi&
794 1810 810 1836 ,
838 1788 964 1848 quae
997 1768 1333 1825 crudelitate
1371 1769 1601 1847 gravior
1633 1765 1714 1825 est
1749 1766 1862 1826 bo-

510 1850 638 1920 ηἱε,
680 1846 980 1927 graffatuS,
1020 1868 1197 1925 quum
1232 1845 1503 1905 saevitiam
1541 1844 1657 1926 jam
1699 1847 1862 1905 domi

510 1926 820 2010 fatigiiss‘et,
846 1927 1080 1985 tandem
1111 1929 1168 1985 in
1201 1924 1389 1985 hostes
1416 1919 1724 1987 convefsus
1754 1925 1858 1986 est.

512 2004 605 2067 Sic
656 2008 847 2067 valida
891 2007 1109 2087 oppida
1155 2010 1213 2065 in
1257 2006 1422 2067 Latio
1472 2027 1638 2088 capta
1688 2007 1858 2080 sunt,

513 2087 743 2158 Ardea,
776 2086 1151 2159 Ocriculum,
1185 2086 1398 2160 Gabii,
1433 2087 1622 2147 Suess'a
1652 2087 1860 2147 Pome-

510 2172 609 2229 tia.
642 2168 801 2229 Tum
825 2188 1060 2250 quoque
1093 2182 1358 2228 cruentus
1391 2171 1450 2226 in
1479 2167 1622 2228 suos,
1649 2168 1859 2247 Neque

438 2288 445 2292 <
514 2255 670 2310 enim
696 2248 874 2309 filium
898 2250 1202 2309 verberare
1237 2250 1520 2309 dubitavit
1539 2291 1558 2320 ‚
1589 2264 1651 2306 ut
1683 2251 1859 2307 simu-

512 2332 649 2390 lanti
703 2330 911 2389 transfu
954 2351 1048 2388 am
1093 2330 1246 2411 apud
1289 2328 1478 2387 hostes
1527 2328 1658 2386 hinc
1712 2326 1858 2389 fides

514 2408 671 2470 esset.
696 2407 809 2471 Cui
844 2432 876 2467 a
899 2351 1102 2473 gabiis
1128 2454 1148 2482 ,
1168 2426 1228 2467 ut
1248 2408 1543 2480 voluerat,
1575 2428 1812 2489 recepto
1833 2452 1854 2479 ,

512 2508 683 2569 atque
737 2512 841 2571 per
888 2492 1148 2548 nuntios·
1180 2486 1494 2547 consulenti
1545 2489 1682 2570 quid
1730 2488 1858 2549 fieri

510 2570 735 2641 vellet,
772 2570 1078 2641 eminentia
1112 2568 1260 2649 fofte
1285 2590 1636 2650 papaverum
1677 2572 1860 2650 capita

510 2651 738 2731 virgula
772 2652 1067 2710 excutiens
1089 2697 1106 2721 ,
1137 2671 1311 2730 quum
1348 2671 1451 2730 per
1491 2651 1602 2711 hoc
1642 2648 1858 2709 interfi-

514 2732 755 2793 ciendos
818 2730 929 2793 esse
985 2735 1275 2815 principes
1325 2731 1565 2814 intelligi
1614 2731 1792 2795 vellet
1834 2774 1858 2803 ‚

1431 2994 1454 3035 l
