2067 3667
488 301 590 379 '40
733 289 812 358 L.
862 239 1240 358 ANNAEr
1269 287 1572 359 onnr

490 404 737 468 sultam:
770 408 865 486 qui
890 409 1028 468 enim
1049 451 1072 480 ,
1099 423 1198 467 aut
1227 409 1368 467 unde
1393 406 1632 467 Romani
1651 406 1687 466 ?
1709 403 1848 468 Nee

488 483 640 548 satis.
682 485 905 548 Aderat
944 491 1068 548 sine
1107 507 1273 547 mora
1293 486 1605 569 ‘querelam
1648 486 1846 548 ferens

488 566 725 650 legatio.
772 567 943 628 Hanc
991 585 1226 708 quoae
1273 565 1433 628 foede
1471 587 1575 648 per
1610 565 1848 628 obscoe-

488 667 625 707 nam
666 664 1009 730 turpemque
1055 647 1114 706 di
1251 648 1662 709 contumeliam
1705 649 1846 710 vio-

484 727 628 787 lant.
663 726 737 788 Et
774 729 908 788 hinc
946 725 1188 788 bellum.
1219 725 1336 788 Sed
1369 746 1669 811 apparatus
1699 728 1846 788 hor-

484 807 664 868 ribilis
683 851 704 881 ‚
734 828 914 889 quum
940 824 1031 869 tot
1061 807 1229 869 simul
1253 810 1458 892 populi
1481 830 1589 893 pro
1611 807 1846 870 Taren-

447 887 453 892 ’
484 889 623 949 tinis
645 887 1052 972 consurgerent
1068 932 1092 960 ,
1123 887 1499 972 omnibusque
1522 887 1843 964 veh-emen*-

483 966 600 1030 'tior
640 967 895 1050 Pyrrhus
931 990 952 1044 ;
988 971 1088 1054 qui
1121 967 1505 1053 semigraecam
1539 991 1612 1032 cx
1647 967 1843 1031 Lace·

486 1048 793 1112 daemoniis
829 1050 1226 1111 conditoribus
1256 1053 1553 1114 civitatem
1582 1051 1846 1110 vindica-

486 1144 646 1192 turus
666 1175 687 1205 ,
728 1144 858 1192 cum
892 1133 1068 1193 totius
1101 1130 1323 1191 viribus
1360 1127 1519 1214 Epiri
1545 1175 1566 1203 ,
1600 1129 1840 1191 Thessa·

485 1210 580 1272 liae
601 1255 622 1285 ,
649 1210 1014 1272 Macedoniae
1041 1254 1062 1284 ‚
1081 1210 1497 1294 incognitisque
1527 1213 1586 1270 in
1609 1211 1669 1271 id
1694 1229 1841 1272 tem·

486 1311 598 1374 pus
622 1289 935 1372 elephantis
955 1336 976 1366 ‚
1002 1293 1144 1350 mari
1159 1335 1179 1363 ,
1211 1293 1366 1352 terra
1385 1337 1404 1367 ,
1427 1294 1566 1353 viris
1583 1337 1608 1364 ,
1635 1293 1794 1374 equis
1809 1334 1836 1365 ,

484 1371 661 1440 armis
695 1414 715 1443 ‚
754 1371 951 1431 addito
999 1370 1231 1452 insuper
1276 1370 1524 1433 ferarum
1566 1388 1786 1434 terrore
1813 1416 1838 1447 ,

483 1449 777 1513 veniebat.
800 1449 980 1531 Apud
1000 1450 1346 1513 Heracleam
1366 1498 1387 1528 ‚
1419 1454 1483 1514 &
1505 1449 1840 1536 Campania

483 1529 730 1592 fluvium
764 1531 947 1592 Lirim
978 1575 999 1606 ,
1043 1531 1270 1594 Levino
1321 1532 1553 1595 consule
1589 1579 1612 1606 ,
1653 1536 1837 1616 prima

482 1632 678 1695 pugna
718 1631 737 1686 ;
772 1633 899 1694 quae
932 1630 1054 1673 tam
1085 1628 1248 1674 atrox
1283 1611 1390 1675 fuit
1413 1657 1433 1686 ‚
1470 1631 1534 1676 ut
1563 1613 1837 1676 Ferenta-

482 1707 576 1754 nae
621 1711 824 1754 turmae
868 1691 1162 1774 praefeRus
1207 1691 1487 1756 Obsidius
1513 1739 1533 1768 ‚
1573 1695 1834 1758 invefius

480 1766 541 1832 in
584 1792 779 1855 regem
809 1817 829 1847 ‚
870 1774 1190 1835 turbaverit
1220 1820 1239 1844 ,
1283 1776 1647 1858 co'e'geritque
1737 1797 1834 1837 ro·

480 1849 639 1931 jectis
677 1852 990 1935 insignibus
1031 1854 1237 1935 proelio
1276 1856 1577 1917 excedere.
1619 1855 1677 1918 A
1733 1877 1834 1918 um

482 1949 607 1992 erat
625 1975 645 2004 ‚
683 1933 786 1992 nisi
809 1933 1100 2013 elephanti
1118 1979 1139 2007 ,
1163 1955 1450 1996 converso
1471 1941 1528 1996 in
1547 1935 1830 2018 spectacu-

481 2011 605 2072 lum
637 2012 793 2073 bello
816 2057 834 2086 ‚
866 2012 1267 2095 procurrissent
1302 2038 1316 2076 ε
1355 2038 1604 2098 quorum
1652 2038 1827 2101 quum

478 2093 873 2176 magnitudine
898 2139 919 2170 ,
953 2112 1077 2155 tum
1114 2094 1479 2158 deformitate
1503 2141 1522 2170 ‚
1561 2099 1627 2159 δε
1666 2119 1826 2161 novo

480 2174 667 2235 odore
704 2175 873 2236 simul
909 2195 975 2234 ac
1010 2173 1250 2237 stridore
1285 2176 1624 2239 consternati
1657 2181 1789 2260 equi
1808 2225 1824 2250 ‚

480 2272 662 2336 quum
685 2257 1002 2338 incognitas
1024 2258 1130 2317 sibi
1151 2257 1370 2318 belluas
1389 2271 1486 2317 am·
1526 2259 1632 2318 lius
1655 2257 1827 2342 quam

480 2354 640 2396 erant
693 2333 1104 2419 suspicarentur
1145 2383 1164 2411 ,
1221 2337 1414 2418 fugam
1516 2359 1824 2420 ragemque

476 2415 591 2475 late
646 2415 945 2478 dederunt.
1008 2415 1078 2476 In
1137 2417 1346 2496 Apulia
1407 2416 1617 2478 deinde
1671 2419 1824 2500 apud

478 2493 757 2556 Asculum
812 2495 1013 2555 melius
1064 2496 1400 2556 dimicatum
1457 2495 1552 2558 est
1575 2544 1594 2574 ,
1639 2497 1823 2562 Curio

476 2573 852 2657 Fabricioque
893 2573 1233 2636 consulibus.
1276 2575 1402 2637 Jam
1439 2580 1655 2662 quippe
1699 2579 1824 2640 bel-

475 2647 921 2716 luarumterror
964 2656 1296 2741 exoleverat
1320 2704 1340 2732 ,
1383 2660 1446 2722 &
1490 2657 1666 2721 Caius
1699 2659 1822 2720 Mi·

472 2736 675 2798 nucius
730 2754 943 2821 quartae
1002 2737 1246 2823 legionis
1297 2738 1543 2804 hastatus
1564 2756 1602 2821 ',
1654 2741 1820 2807 unius
