2067 3667
533 302 976 372 Llssssn
1072 305 1253 376 III.
1436 325 1586 407 ,ης

225 443 1570 520 λεῷ-ψῃ

223 559 232 564 ’
543 592 971 666 CAPUT
1068 596 1287 668 XIL

471 733 1362 794 ANACEPHALAEOSIS.
1423 763 1430 770 ‘

237 857 355 968 H
367 919 431 964 ΔΞ.
449 919 488 963 c
523 899 604 965 est
637 901 731 962 illa
759 905 924 982 tertia
947 920 1081 966 aetas
1104 905 1307 988 populi
1335 901 1590 970 Romani

236 981 640 1058 transmarina,
678 985 826 1064 qua,
865 982 1028 1046 Italia
1106 987 1337 1069 regredi
1380 987 1542 1050 ausus
1565 1033 1589 1062 ,

235 1065 378 1124 orbe
415 1082 548 1125 toto
591 1085 752 1124 arma
787 1067 1067 1126 circumtu
1092 1071 1151 1126 it.
1188 1063 1369 1147 Cujus
1404 1073 1591 1132 aetatis

231 1143 554 1224 superiores
592 1161 826 1204 centum
859 1145 990 1205 anni
1029 1141 1199 1206 sanffl
1235 1189 1254 1220 ‚
1292 1149 1373 1243 pi'i
1407 1193 1431 1222 ‚
1470 1149 1535 1210 &
1562 1191 1591 1223 ,

232 1241 298 1283 ut
345 1224 590 1284 diximus
625 1267 644 1295 ,
695 1227 848 1284 aurei
889 1270 912 1298 ,
965 1223 1090 1288 sine
1135 1228 1351 1312 flagitio
1384 1273 1407 1300 ,
1462 1232 1585 1292 sine

231 1303 447 1365 scelere
487 1349 508 1378 ‚
557 1301 696 1365 dum
750 1308 972 1366 sincera
1012 1307 1197 1367 adhuc
1244 1309 1311 1371 &
1350 1311 1587 1372 innoxia

278 1384 496 1445 astoriae
538 1385 688 1444 illius
734 1383 893 1446 seaae
939 1385 1237 1470 integritas
1265 1435 1291 1464 ,
1327 1389 1586 1472 dumque

229 1407 550 1527 {cenorum
593 1464 840 1526 hostium
878 1469 1181 1529 imminens
1226 1488 1413 1530 metus
1457 1471 1586 1532 dis-

229 1548 506 1627 ciplinam
566 1564 830 1607 veterem
887 1549 1241 1610 continebat.
1302 1550 1585 1613 Postremi

229 1647 507 1700 centum,
556 1648 702 1708 quos
751 1648 786 1686 a
830 1625 1231 1712 Carthaginis,
1270 1626 1585 1708 Corinthi,

227 1706 676 1788 Numantiaeque
733 1709 966 1768 excidiis
996 1753 1016 1781 ‚
1073 1711 1137 1770 &
1195 1709 1375 1771 Attali
1435 1731 1496 1771 re
1538 1713 1588 1774 is

225 1787 492 1850 Asiatica
541 1787 855 1848 hereditate
901 1788 1244 1850 deduximus
1288 1793 1347 1851 in
1390 1733 1535 1854 Cae?

227 1890 358 1931 rem
409 1870 477 1932 &
519 1867 864 1950 Pompeium
900 1915 920 1945 ,
971 1869 1387 1955 sequutumque
1436 1873 1583 1950 hos,

227 1949 310 2012 de
343 1973 463 2033 quo
498 1949 796 2024 dicemus5
824 1949 1184 2034 Augustum,
1220 1969 1284 2012 ut
1321 1953 1581 2014 claritate

225 2051 426 2092 rerum
468 2029 804 2090 bellicarum
833 2030 1125 2112 magnifici
1151 2074 1174 2105 ,
1201 2035 1279 2092 ita
1309 2033 1585 2094 domesti-

228 2114 316 2172 cis
333 2110 591 2173 cladibus
615 2111 894 2172 miseri&
919 2109 1311 2173 erubescendi.
1334 2112 1459 2192 Qui
1504 2135 1585 2194 pe

229 2195 380 2252 sicut
410 2190 700 2265 Galliam,
727 2191 1072 2261 Thsaciam,
1100 2189 1398 2266 Ciliciam,
1454 2238 1459 2242 ,
1486 2216 1588 2276 ap·-

224 2271 536 2354 padociam
549 2317 576 2346 ,
590 2273 908 2334 uberrimas
927 2272 1418 2353 validissimasque
1444 2295 1585 2354 pro-

226 2355 488 2427 vincias,
526 2353 840 2414 Armenios
877 2355 1049 2414 etiam
1066 2398 1089 2426 ,
1132 2356 1197 2416 &
1228 2353 1529 2415 Britannos
1556 2400 1582 2430 ,

229 2451 296 2494 ut
330 2456 450 2494 non
485 2435 546 2494 in
591 2434 754 2496 usum
778 2479 798 2509 ,
835 2436 915 2495 ita
953 2435 1026 2494 ad
1063 2437 1289 2516 imperii
1326 2433 1583 2516 speciem

227 2535 438 2598 magna
480 2517 714 2576 nomina
757 2513 1068 2597 acquisiisse
1098 2559 1119 2590 ,
1156 2515 1453 2598 pulchrum
1494 2534 1582 2578 at·-

230 2616 346 2676 que
379 2595 656 2656 decorum
687 2618 706 2670 ;
746 2600 824 2656 ita
855 2597 1067 2656 eodem
1107 2613 1371 2676 tempore
1412 2597 1587 2656 dimi-

230 2673 379 2736 cfiss‘e
420 2675 580 2737 domi
617 2698 749 2738 cum
796 2676 1018 2738 civibus
1045 2719 1069 2746 ‚
1109 2675 1272 2736 sociis
1298 2719 1318 2749 ,
1363 2678 1583 2736 manci·

228 2757 342 2837 piis
361 2801 384 2830 ‚
431 2755 836 2840 gladiatoribus
857 2801 878 2832 ‚
914 2773 1157 2838 totoque
1191 2758 1340 2816 inter
1390 2754 1445 2817 se
1491 2756 1587 2817 se·

1247 2835 1373 2918 Fa

1551 1824 1591 1844 ά
