2067 3667
518 254 605 327 16
767 253 1241 325 [ΛΑΝ-ΝΕ]
1288 257 1593 324 Fron!

822 522 1256 595 CAPUT
1353 500 1592 593 ηιμ

628 690 761 745 DE
835 686 1147 741 TULLo
1218 684 1728 779 Ηοετιριο.

498 812 907 925 Exolvit
946 852 1300 935 Pompilium
1343 852 1600 915 Numam
1641 852 1848 918 Tullus

500 936 786 999 Hostilius
811 960 825 997 ε
854 938 944 995 cui
968 938 1027 994 in
1050 936 1335 1015 honorem
1353 938 1580 1008 virtutis
1611 958 1854 1020 regnum

503 1018 658 1083 ultro
703 1018 915 1079 datum.
956 1016 1071 1076 Hic
1121 1035 1359 1083 omnem
1398 1018 1701 1095 militarem
1735 1017 1853 1077 dis-

500 1098 773 1180 ciplinam
792 1144 811 1169 ‚
834 1116 1128 1178 artemque
1161 1096 1410 1156 bellandi
1434 1098 1709 1158 condidit.
1736 1097 1854 1159 Ita-

502 1200 618 1260 que
644 1181 853 1239 mirum
880 1180 937 1236 in
971 1177 1212 1237 modurn
1240 1178 1486 1237 exercitii
1512 1176 1808 1256 juventute
1829 1223 1849 1252 ‚

500 1279 826 1341 provocare
858 1257 1021 1319 ausus
1046 1256 1309 1317 Albanos
1328 1301 1353 1328 ,
1385 1278 1620 1339 gravem
1651 1260 1716 1320 &
1749 1260 1849 1319 diu

500 1342 819 1421 principem
853 1337 1152 1419 populum.
1177 1334 1293 1397 Sed
1320 1358 1496 1418 quum
1527 1341 1648 1422 pari
1675 1340 1850 1400 robo-

498 1440 565 1480 re
586 1419 977 1501 frequentibus
999 1417 1217 1500 proeliis
1242 1421 1465 1500 utrique
1495 1422 1849 1481 comminue·

496 1516 727 1571 rentur,
758 1497 921 1561 miffo
954 1500 1013 1557 in
1049 1498 1462 1577 compendium
1498 1498 1686 1571 bello,
1719 1500 1847 1561 Ho-

492 1584 655 1641 ratiis
696 1576 1076 1661 Curiatiisque
1095 1624 1117 1653 ,
1148 1580 1465 1660 trigeminis
1505 1578 1636 1640 hinc
1676 1598 1844 1663 atque

495 1662 632 1723 inde
670 1660 971 1732 fratribuS,
1005 1658 1293 1741 utriusque
1365 1659 1527 1741 opuli
1563 1660 1675 1721 fata
1711 1682 1845 1742 per-

446 1756 453 1759 “
494 1741 655 1803 miffa
686 1740 829 1802 sunt.
864 1741 1103 1820 Anceps
1135 1742 1201 1801 &
1237 1682 1470 1822 pusshra
1503 1744 1797 1802 contentio
1821 1787 1842 1817 ,

494 1825 767 1901 exituque
804 1819 927 1902 ipso
960 1820 1251 1880 mirabilis.
1283 1820 1496 1882 Tribus
1529 1823 1744 1903 quippe
1778 1822 1844 1882 il-

491 1901 605 1963 linc
637 1901 947 1964 vulneratis
973 1924 993 1976 ;
1022 1902 1155 1961 hinc
1194 1899 1419 1962 duobus
1458 1904 1665 1962 occisis
1684 1948 1706 1975 ,
1743 1905 1841 1984 qui

490 1982 781 2063 supererat
830 1981 1103 2042 Horatius
1133 2026 1152 2055 ‚
1197 1981 1393 2042 addito
1441 1982 1514 2041 ad
1562 1986 1840 2045 virtutem

492 2063 634 2124 dolo
655 2106 675 2137 ,
706 2080 769 2121 ut
803 2061 1133 2123 distraheret
1173 2060 1398 2121 hostem
1420 2106 1441 2135 ,
1476 2062 1703 2123 simulat
1738 2064 1840 2123 fu-

488 2164 624 2227 gam
645 2187 663 2216 ,
697 2142 1058 2225 singulosque
1087 2187 1108 2214 ‚
1146 2158 1317 2221 prout
1347 2140 1506 2225 sequi
1577 2162 1836 2217 oterant,

488 2225 721 2284 adortus
758 2222 1070 2305 exsuperat.
1101 2220 1192 2281 Sic
1217 2221 1442 2304 (rarum
1461 2225 1592 2283 alias
1615 2224 1832 2307 decus)

488 2308 655 2365 unius
690 2324 862 2363 manu
896 2320 1058 2383 parta
1088 2301 1326 2364 vifioria
1361 2302 1442 2363 est
1477 2326 1492 2362 z
1529 2325 1698 2383 quam
1736 2305 1838 2367 ille

486 2406 630 2447 mox
665 2386 965 2465 parricidio
1002 2382 1261 2444 foedavit.
1297 2382 1556 2443 Flentem
1596 2386 1744 2444 circa
1774 2384 1836 2449 se

484 2464 670 2545 spolia
716 2464 747 2523 s
780 2468 907 2525 onsi
936 2463 1190 2602 ¹quidem
1215 2506 1234 2535 ‚
1272 2461 1370 2522 sed
1417 2461 1591 2523 hostis
1615 2508 1634 2537 ‚
1669 2463 1834 2527 soro-

484 2566 613 2606 rem
654 2548 715 2607 vi
759 2562 894 2605 erat.
998 2563 1105 2602 unc
1149 2559 1266 2603 tam
1307 2545 1671 2605 immaturum
1712 2548 1832 2609 vir-

485 2628 631 2707 ginis
654 2646 913 2685 amorem
943 2624 1093 2684 ultus
1125 2622 1206 2684 est
1241 2622 1417 2685 ferro.
1441 2622 1711 2687 Citavere
1745 2628 1829 2699 le-

478 2725 587 2791 ges
616 2704 776 2769 nefas
806 2729 822 2769 z
851 2704 949 2769 sed
980 2701 1210 2792 aigstulit
1242 2708 1416 2773 virtus
1449 2708 1822 2799 parricidam;

2027 3474 2067 3621 ‘⁹¹⁸⁸
