2067 3667
555 314 613 393 ὃ
822 313 897 387 C.
952 316 1209 385 Vsu.
1256 313 1657 397 Parmae.

558 438 670 501 des
701 437 1002 519 quaeritans
1023 478 1045 508 ,
1078 433 1140 493 in
1172 429 1375 493 Asiam
1404 429 1463 492 se
1498 428 1701 491 effudit
1724 451 1749 491 τ
1782 450 1917 490 nam

561 520 634 583 &
679 516 855 579 Iones
877 559 900 589 ,
939 516 1087 577 duce
1134 512 1279 574 Ione
1332 511 1571 595 profeffl
1612 511 1857 573 Athenis
1896 554 1919 583 ‚

562 599 981 663 nobilissimam
1033 611 1259 677 partem
1309 596 1562 676 regionis
1616 594 1921 655 maritimae

565 699 932 761 occupavere
948 722 970 752 ‚
1004 698 1133 758 quae
1163 675 1455 757 hodieque
1480 674 1802 755 appellatur
1826 672 1921 733 Io-

564 762 696 836 nia3
718 756 1000 840 urbesque
1037 754 1378 818 constituere
1400 800 1419 828 ‚
1442 752 1732 838 Ephesum
1751 799 1771 829 ,
1802 752 1923 813 Mi-

565 841 749 903 letum
773 884 794 915 ,
824 836 982 900 Colo
1026 838 1182 898 hona
1204 882 1223 913 ,
1258 836 1501 897 Prienen
1520 880 1542 911 ,
1576 835 1881 895 Lebedum
1903 879 1923 908 ‚

569 921 928 1001 Myuntem,
1005 940 1030 977 r
1080 918 1265 977 thram
1287 963 1305 991 ,
1334 915 1711 978 Clazomenas
1728 959 1749 989 ,
1773 915 1923 975 Pho-

565 1023 797 1077 caeam3
837 1000 1014 1061 multa
1042 1019 1153 1079 que
1191 1001 1249 1057 in
1281 996 1483 1081 AEgaeo
1527 1015 1699 1079 atque
1734 996 1925 1057 Icario

572 1101 936 1163 occupavere
962 1080 1169 1140 insulas
1182 1124 1205 1153 ,
1226 1076 1459 1141 Samum
1476 1121 1497 1151 ‚
1520 1076 1736 1139 Chium
1754 1120 1775 1149 ,
1800 1076 1925 1138 An-

571 1164 742 1225 drum
759 1207 778 1233 ‚
809 1161 1045 1223 Tenum
1062 1204 1083 1233 ‚
1110 1160 1314 1221 Parum
1338 1204 1357 1232 ‚
1391 1158 1613 1221 Delum
1632 1156 1927 1239 ‚aliasque
2036 1160 2038 1189 ³

572 1246 592 1305 i
633 1242 874 1304 nobiles.
907 1240 982 1301 Et
1015 1260 1159 1299 mox
1188 1240 1372 1301 AEolii
1392 1283 1411 1313 ,
1446 1240 1658 1301 eadem
1684 1238 1928 1321 profeffl

573 1264 804 1387 graecia
829 1367 850 1397 ,
903 1322 1004 1383 lon
1044 1318 1361 1403 issimisque
1411 1318 1522 1381 affl
1576 1320 1867 1383 erroribus
1907 1364 1927 1395 ,

573 1424 696 1468 non
747 1404 938 1463 minus
986 1400 1227 1461 ilustres
1278 1402 1652 1463 obtinuerunt
1695 1400 1864 1475 laocos
1908 1443 1928 1475 ‚

573 1482 866 1565 clarasque
901 1483 1077 1543 urbes
1110 1481 1533 1557 condiderunt,
1571 1480 1671 1543 Sm
1720 1503 1884 1541 rnam
1909 1526 1929 1556 ‚

572 1562 814 1647 Cymen
843 1610 860 1636 ‚
912 1561 1181 1625 Lariffam
1203 1606 1224 1636 ,
1274 1562 1577 1643 Myrinam
1601 1607 1624 1636 ‚
1750 1564 1794 1623 it
1844 1562 1931 1623 le·-

573 1665 827 1728 nemque
847 1688 868 1719 ,
903 1646 968 1707 δε
999 1644 1135 1705 alias
1166 1642 1337 1705 urbes
1356 1690 1373 1717 ,
1404 1665 1533 1728 quae
1562 1642 1687 1705 sunt
1716 1645 1775 1703 in
1853 1664 1933 1705 es·
2028 1643 2039 1655 ⁸

571 1728 656 1789 bo
694 1726 892 1787 insula.

655 1806 734 1867 V.
778 1802 1175 1866 Clarissimum
1212 1804 1423 1865 deinde
1464 1802 1709 1865 Homeri
1743 1803 1931 1867 illuxit

572 1887 872 1969 ingenium
896 1932 915 1961 ‚
957 1888 1079 1946 sine
1120 1885 1392 1965 exemplo
1430 1888 1787 1959 maximum3
1833 1887 1930 1967 qui

491 2034 496 2039 ,
573 1969 970 2050 magnitudine
1000 1968 1195 2049 operis
1217 2010 1241 2037 ‚
1269 1966 1333 2029 δι
1358 1963 1583 2047 fulgore
1612 1970 1932 2027 carminum

572 2047 730 2111 solus
762 2046 1037 2130 appellari
1071 2051 1249 2108 Pob'ta
1284 2048 1492 2107 meruit
1524 2070 1538 2108 ε
1570 2048 1629 2106 in
1662 2068 1783 2128 quo
1816 2048 1932 2109 hoc
2034 2068 2036 2073 ·

573 2132 892 2191 maximum
935 2126 1016 2187 est
1046 2169 1066 2200 ,
1112 2128 1277 2209 quod
1312 2147 1505 2209 neque
1544 2144 1675 2188 ante
1713 2128 1881 2188 illum
1915 2173 1933 2200 ,

575 2230 756 2293 quem
795 2210 891 2271 ille
925 2211 1239 2269 imitaretur
1262 2255 1280 2279 ,
1315 2229 1503 2290 neque
1544 2206 1675 2289 post
1713 2209 1885 2269 illum
1913 2252 1933 2283 ‚

572 2293 679 2374 qui
713 2312 848 2351 eum
879 2291 1092 2349 imitari
1118 2288 1302 2370 poffet
1324 2335 1345 2365 ,
1383 2292 1653 2360 inventus
1682 2287 1765 2349 est
1794 2311 1807 2348 ε
1838 2312 1936 2351 ne·
2034 2294 2036 2301 '

575 2392 693 2453 que
729 2391 1080 2454 quemquam
1118 2372 1293 2435 alium
1317 2414 1336 2443 ,
1379 2366 1541 2449 cujus
1580 2372 1773 2452 operis
1816 2374 1936 2453 pri-

577 2472 708 2515 mus
741 2450 936 2513 aufior
971 2448 1143 2510 fuerit
1167 2497 1184 2523 ‚
1214 2454 1278 2513 in
1309 2472 1383 2512 eo
1454 2448 1895 2513 erfelz'iissimum
1916 2494 1936 2525 ,
2034 2442 2036 2489 ἶ

573 2548 783 2613 praeter
817 2528 1145 2593 Homerum
1186 2534 1253 2594 &
1292 2530 1409 2591 Arc
1454 2532 1669 2592 ilocum
1697 2578 1716 2607 ,
1762 2553 1935 2613 repe-

575 2614 810 2675 riemus.
851 2612 966 2673 Hic
1006 2613 1231 2694 longius
1270 2634 1305 2671 a
1344 2614 1705 2693 temporibus
1740 2612 1936 2684 belli,

573 2693 738 2775 quod
781 2692 1105 2774 composuit
1130 2738 1149 2768 ,
1190 2691 1434 2763 Troici,
1479 2693 1652 2776 quam
1693 2694 1935 2775 quidam

571 2790 819 2851 rentur„
870 2773 1051 2839 abfuit
1087 2797 1101 2835 ε
1146 2794 1279 2836 nam
1332 2772 1514 2842 ferme
1565 2792 1697 2836 ante
1748 2796 1937 2837 annos
