2067 3667
490 305 638 392 '¹52
784 291 861 363 L.
912 293 1287 362 Anna-1
1335 291 1643 362 Floret
1720 364 1726 367 ,

493 409 791 491 Quamvis
851 427 1016 493 parte
1070 409 1479 490 conjurationis
1538 406 1807 494 oppress'a
1822 449 1845 484 ‚

487 508 692 552 tamen
739 491 812 552 ab
855 495 987 552 ince
1029 509 1093 552 to
1130 485 1380 552 Catilina
1422 514 1543 554 non
1582 491 1797 554 destitit
1828 513 1845 552 ε

489 567 602 632 fed
633 569 848 632 infestis
885 573 960 633 ab
1050 576 1218 633 truria
1249 575 1424 656 signis
1456 576 1699 654 patriam
1732 591 1850 654 pe-

497 669 628 712 tens
651 697 670 726 ‚
698 653 883 713 obvio
915 652 1161 714 Antonii
1198 657 1449 715 exercitu
1483 655 1848 735 opprimitur.

501 731 710 811 Quam
762 735 1032 793 atrociter
1089 735 1421 795 dimicatum
1476 737 1547 794 sit
1582 775 1602 806 ‚
1660 735 1851 792 exitus

499 811 717 872 docuit.
768 809 964 874 Nemo
1029 813 1279 873 hostium
1340 814 1497 874 bello
1550 811 1853 892 superfuit.

497 889 708 972 Quem
742 895 870 974 quis
902 896 962 952 in
1001 894 1309 975 pugnando
1348 909 1580 974 ceperat
1611 893 1809 952 locum
1825 937 1851 965 ,

499 993 636 1034 eum
682 972 877 1033 amifl'a
918 975 1108 1034 anima
1149 995 1394 1056 corpore
1433 973 1685 1055 tegebat.
1726 971 1850 1032 Ca-

492 1053 664 1113 -tilina
697 1053 872 1136 longe
911 1075 944 1113 a
977 1055 1089 1114 suis
1118 1057 1264 1116 inter
1293 1053 1537 1114 hostium
1566 1054 1851 1113 cadavera

499 1149 764 1214 repertus
798 1132 882 1193 est
915 1155 934 1208 3
973 1134 1357 1215 pulcherrima
1387 1150 1575 1196 morte
1600 1177 1620 1209 ,
1654 1135 1703 1194 si
1736 1151 1849 1216 pro

495 1215 681 1294 patria
713 1216 793 1274 sic
833 1213 1184 1277 concidiss'et.

513 1339 1831 1416 mam-Q

804 1465 866 1536 C
918 1467 982 1536 A
1029 1465 1081 1535 P
1128 1466 1193 1536 U
1243 1467 1309 1538 T
1404 1468 1436 1537 I
1487 1470 1540 1537 I.

491 1572 498 1580 ’
605 1609 904 1664 BELLUM
933 1609 1252 1662 cAEsAms
1287 1607 1385 1662 ET
1411 1607 1737 1664 ΡοΜΡειι.

504 1731 610 1846 JA
629 1795 684 1838 Μ
725 1798 876 1859 pene
907 1793 1039 1836 toto
1073 1778 1216 1837 orbe
1244 1792 1481 1857 pacato,
1511 1773 1693 1856 majus
1728 1793 1852 1840 erat

501 1861 810 1939 imperium
846 1857 1176 1916 Romanum
1197 1901 1219 1928 ,
1260 1857 1431 1938 quam
1475 1874 1539 1917 ut
1574 1859 1705 1918 ullis
1746 1878 1853 1918 ex-

501 1941 681 1999 ternis
721 1938 941 1998 viribus
985 1939 1235 2018 opprimi
1276 1937 1483 2018 posset.
1520 1937 1718 2019 Itaque
1760 1941 1855 1998 in-

501 2020 712 2081 videns
747 2019 976 2080 fortuna
1011 2021 1253 2100 principi
1298 2021 1556 2100 gentium
1595 2015 1853 2100 popuio,

503 2100 690 2182 ipsum
743 2101 906 2160 illum
959 2101 1018 2158 in
1071 2102 1309 2158 exitium
1370 2097 1533 2158 suum
1590 2104 1856 2162 armavit.

505 2183 601 2244 Ac
658 2181 918 2242 Mariana
965 2181 1203 2262 quidem
1248 2177 1621 2262 Cinnanaque
1666 2180 1855 2242 rabies

505 2264 654 2322 intra
686 2261 912 2322 Urbem
949 2259 1307 2342 praeluserat,
1350 2263 1509 2342 quasi
1564 2281 1635 2321 ex
1680 2263 1855 2320 erire·

501 2359 616 2403 tur.
644 2340 869 2402 Sullana
901 2340 1204 2423 tempestas
1233 2342 1396 2401 latius
1414 2387 1432 2414 ,
1458 2344 1599 2400 intra
1657 2341 1855 2401 taliam

503 2439 703 2482 tamen
736 2467 754 2490 ,
799 2423 1159 2482 detonuerat.
1198 2419 1437 2482 Caesaris
1478 2421 1633 2481 furor
1680 2438 1855 2502 atque

505 2503 772 2581 Pompeii
810 2502 1034 2562 Urbem
1057 2547 1075 2571 ,
1110 2500 1365 2574 Italiam,
1404 2521 1642 2584 genteS,
1668 2504 1857 2562 natio-

494 2601 610 2644 ·nes
635 2624 654 2653 ,
693 2597 880 2642 totum
919 2582 1171 2665 denique
1208 2628 1229 2658 ‚
1310 2583 1381 2643 ua
1418 2583 1650 2664 patebat
1678 2626 1698 2655 ‚
1741 2584 1859 2642 im-

495 2663 733 2746 perium
754 2707 773 2735 ‚
805 2663 1058 2744 quodam
1089 2666 1249 2745 quasi
1270 2604 1501 2724 ἓῦηνίο
1536 2666 1601 2726 &
1628 2663 1857 2723 inflam-

505 2745 764 2808 matione
824 2746 1098 2828 corripuit
1142 2767 1165 2823 3
1208 2746 1357 2808 adeo
1417 2761 1481 2806 ut
1534 2765 1656 2808 non
1702 2742 1856 2806 reae
