2067 3667
521 282 656 355 162
769 280 840 354 C.
895 282 1153 349 VELL.
1202 276 1600 353 ΡΑτειιε.

504 403 702 463 minus
755 399 830 459 ad
877 397 1227 479 multiplices
1284 392 1607 458 consulatus
1660 393 1873 457 trium-

512 481 772 565 phosque
827 483 892 543 &L
942 478 1241 559 complura
1292 480 1643 539 eniterentur
1688 475 1870 538 sacer-

514 564 692 623 dotia.
728 562 958 622 Etenim
999 580 1205 641 magna
1237 558 1469 642 negotia
1502 559 1727 641 magnis
1766 559 1871 619 ad-

495 641 797 725 ·jutoribus
832 658 1004 725 egent
1034 664 1049 701 τ
1080 658 1270 723 neque
1303 643 1362 700 in
1436 660 1581 701 arvo
1614 640 1873 721 paucitas

513 723 822 785 ministeria
880 720 1075 783 deficit
1119 742 1141 795 3
1196 660 1543 803 intereKque
1590 720 1872 801 reipubli-

515 827 598 877 cae
630 849 648 877 ‚
693 805 856 886 quod
892 803 992 864 usu
1039 800 1409 863 neceffarium
1433 846 1453 875 ,
1491 802 1557 863 δι
1590 801 1871 884 dignitate

495 888 782 946 ‘eminere
813 932 832 957 ‚
879 886 1299 965 utilitatemque
1350 882 1682 961 au&oritate
1739 904 1871 942 mu-

492 969 638 1027 ‘niri.
675 966 810 1027 Sub·
830 967 915 1025 his
947 964 1230 1047 exemplis
1255 962 1527 1026 Tiberius
1556 960 1748 1023 Caesar
1769 962 1872 1024 Se-

511 1045 709 1129 ianum
741 1046 958 1107 AElium
983 1092 1004 1122 ‚
1040 1048 1301 1129 principe
1339 1042 1615 1127 equestris
1648 1044 1870 1105 ordinis

484 1148 678 1211 spatre
721 1146 953 1205 natum,
994 1142 1261 1187 materno
1302 1128 1453 1187 verb
1496 1144 1711 1207 genere
1752 1125 1871 1185 cla-

515 1212 765 1269 rissimas
797 1206 1137 1288 veteresque
1174 1210 1239 1271 &
1270 1210 1517 1289 insignes
1552 1206 1871 1267 honoribus

515 1311 646 1350 com
695 1291 888 1348 lexum
928 1288 1173 1347 familias
1198 1332 1219 1361 ‚
1252 1288 1567 1347 habentem
1608 1286 1871 1347 consula-

491 1386 606 1430 ·res
649 1384 827 1429 ‘ratres
854 1415 872 1443 ,
910 1368 1325 1441 conspbrinm,
1362 1367 1711 1429 avunculum
1733 1414 1754 1443 ‚
1776 1370 1869 1449 ip-

515 1449 639 1523 sum
675 1452 820 1510 verb
854 1450 1065 1509 laboris
1101 1471 1167 1509 ac
1212 1448 1349 1510 fidei
1390 1452 1869 1531 capacissimum,

489 1530 830 1593 ‘sufficiente
881 1533 1055 1590 etiam
1106 1532 1299 1613 vigori
1358 1532 1534 1589 animi
1584 1550 1867 1613 compage

513 1615 778 1694 corporis
795 1657 813 1685 ,
843 1611 1186 1693 singularem
1211 1608 1605 1692 principalium
1625 1631 1869 1672 onerum

489 1692 840 1772 ‘adjutorem
869 1696 928 1750 in
961 1694 1159 1753 omnia
1182 1692 1415 1767 habuit,
1448 1710 1623 1775 atque
1653 1692 1867 1755 habet:

511 1777 707 1835 *virum
761 1773 1079 1834 severitatis
1134 1774 1438 1833 laetissimae
1484 1818 1507 1845 ,
1572 1774 1868 1834 hilaritatis

485 1854 763 1937 ‘priscae‘‚
821 1852 944 1913 astu
996 1856 1203 1915 otiosis
1259 1854 1613 1933 simillimum
1645 1900 1666 1930 ‚
1726 1854 1870 1915 nihil

515 1936 623 1995 sibi
658 1936 1050 1995 vindicantem
1066 1980 1087 2009 ,
1116 1934 1307 2017 eoque
1328 1933 1437 1996 asse
1480 1952 1716 1997 uentem
1738 1956 1870 1998 om·-

511 2019 606 2077 nia
627 2064 644 2087 ‚
677 2016 902 2099 semper
934 2016 1081 2078 infra
1110 2016 1351 2077 aliorum
1382 1956 1785 2079 affimationes
1808 2015 1870 2079 se

509 2102 855 2159 metientem
889 2144 908 2171 ‚
949 2098 1115 2159 vultu
1156 2097 1398 2183 vitiique
1429 2099 1818 2181 ,tranquillum
1845 2142 1868 2174 ,

513 2183 707 2241 animo
747 2179 1101 2241 exsomnem.

595 2259 1000 2321 CXXVIII.
1055 2260 1124 2321 In
1174 2258 1345 2341 hujus
1391 2261 1672 2335 virtutum
1719 2257 1870 2318 aesti-

511 2344 768 2401 matione
807 2338 1153 2421 jampridem
1190 2339 1403 2420 judicia
1444 2340 1687 2400 civitatis
1730 2360 1867 2401 cum

511 2421 734 2503 judiciis
779 2421 1057 2501 Principis
1112 2434 1385 2495 certant',
1431 2440 1621 2501 neque
1672 2435 1871 2481 novus'

511 2502 605 2561 hic
649 2523 778 2563 mos
819 2500 1043 2562 senatus
1086 2501 1402 2583 populique
1446 2502 1698 2563 Romani
1737 2498 1867 2577 est,

482 2597 484 2601 ’
511 2582 783 2663 putandi,
817 2582 978 2662 quod
1009 2583 1301 2662 optimum
1334 2585 1445 2656 sit,
1476 2580 1587 2643 effe
1622 2582 1867 2643 nobilis·-

511 2666 738 2725 simum.
775 2660 926 2727 Nam
957 2662 1020 2724 &
1050 2663 1132 2723 illi
1164 2666 1415 2745 antiqui,
1453 2680 1583 2723 ante
1611 2666 1859 2744 primum

499 2743 729 2827 :bellum
759 2742 1034 2807 Punicum
1061 2788 1079 2820 ‚
1102 2744 1307 2807 abhinc
1334 2766 1517 2811 annos
1540 2762 1863 2817 trecentos,
