2067 3667
508 262 605 335 60
755 263 825 331 C.
888 266 1146 333 VELL.
1197 262 1313 333 ΡΑ
1339 221 1612 334 ῖιηειὶέιε
1821 350 1847 363 -

512 383 570 442 ei
608 382 912 463 imperium
946 402 1176 463 aequutn
1213 384 1273 442 in
1311 383 1582 446 omnibus
1615 383 1859 465 provin·-

505 463 613 547 ciis
651 484 783 523 cum
814 461 1250 545 proconsulibus
1283 461 1460 545 usque
1485 464 1560 525 ad
1625 466 1858 547 uinqua-

506 544 792 625 gesimum
814 544 1142 603 milliarium
1165 566 1198 603 a
1226 546 1389 605 mari.
1412 542 1558 623 Quo
1633 546 1858 606 enatsss·

504 622 768 684 consulto
801 642 949 703 pene
984 626 1160 683 totius
1193 641 1470 685 terrarum
1491 624 1648 685 orbis
1670 628 1748 685 im
1793 646 1859 686 e-

498 706 649 763 tium
668 705 767 763 uni
785 704 915 765 viro
938 703 1305 765 deferebatur
1326 726 1340 764 z
1365 704 1398 765 s
1391 705 1463 765 ed
1485 720 1678 765 tamen
1700 708 1719 765 i
1763 726 1858 781 ern

504 778 621 845 hoc
648 802 783 845 ante
812 785 1110 844 biennium
1143 786 1201 843 in
1215 784 1316 851 M.
1340 785 1586 846 Antonii
1656 804 1860 847 raetura

504 864 805 931 decretum
839 881 979 925 erat.
1015 862 1131 925 Sed
1163 866 1452 927 interdum
1482 808 1766 947 perigna,
1794 883 1858 929 ut

500 944 779 1026 exemplo
802 964 979 1007 nocet
995 990 1015 1020 ‚
1053 947 1132 1005 ita
1154 947 1428 1007 invidiam
1459 964 1630 1029 auget
1653 965 1750 1008 aut
1772 947 1858 1008 le-

501 1042 621 1089 vat.
644 1024 712 1085 In
729 1026 991 1086 Antonio
1016 1025 1280 1088 homines
1303 1048 1472 1109 aequo
1495 1029 1690 1089 animo
1708 1030 1858 1110 passi

504 1125 685 1167 erant.
717 1105 873 1167 Raro
918 1109 1074 1167 enim
1108 1109 1400 1168 invidetur
1439 1128 1640 1169 eorum
1667 1110 1856 1171 hono-

500 1187 660 1246 ribus
683 1231 702 1259 ,
734 1208 983 1281 quorum
1005 1191 1093 1249 vis
1125 1210 1246 1249 non
1277 1190 1510 1249 timetur
1530 1210 1550 1262 ;
1574 1206 1772 1250 contra
1797 1192 1856 1273 in

500 1269 573 1337 iis
621 1268 885 1327 hommes
940 1269 1386 1329 extraordinaria
1439 1267 1854 1345 reformidant,

500 1348 603 1427 qui
654 1367 723 1407 ea
762 1346 861 1407 suo
912 1349 1147 1409 arbitrio
1201 1366 1297 1409 aut
1347 1350 1660 1431 deposituri
1697 1395 1719 1425 ‚
1759 1368 1856 1411 aut

500 1429 781 1487 retenturi
821 1428 1093 1491 videntur
1113 1472 1135 1503 ‚
1169 1430 1234 1491 &
1267 1428 1510 1491 modum
1550 1432 1610 1489 in
1643 1431 1858 1492 volun·-

501 1522 619 1579 tate
662 1507 893 1569 habent.
928 1508 1338 1570 Diffuadebant
1373 1513 1679 1593 optimates
1699 1558 1718 1583 ‚
1755 1510 1856 1573 sed

500 1587 742 1650 consilia
776 1590 999 1672 impetu
1031 1590 1182 1651 vicia
1220 1588 1364 1652 sunt.

586 1668 878 1731 XXXII.
919 1669 1116 1753 Digna
1156 1668 1237 1731 est
1278 1671 1558 1733 memori&
1603 1668 1690 1751 Q.
1732 1670 1855 1734 Ca-

502 1748 608 1829 tuli
636 1771 815 1832 quum
850 1750 1150 1811 auctoritas
1179 1770 1300 1811 tum
1330 1752 1674 1813 verecundia
1707 1774 1722 1813 t
1754 1774 1794 1837 q
1835 1756 1854 1813 i

543 1848 681 1889 uum
712 1828 1033 1891 diffuadens
1066 1831 1254 1913 legem
1286 1836 1344 1892 in
1375 1834 1656 1894 concione
1691 1776 1856 1893 dixit}-

527 1926 625 1981 et,
667 1906 780 1970 esse
832 1911 1071 1992 quidem
1115 1913 1446 1991 praeclarum
1496 1916 1686 1973 virum
1735 1912 1854 1975 Cn.

497 1987 843 2071 Pompeium
861 2034 881 2064 ‚
908 1990 1005 2051 sed
1026 1994 1267 2053 nimium
1293 1990 1410 2074 jam
1440 1993 1635 2054 liberae
1661 1996 1740 2054 rei
1788 2017 1856 2055 u-

495 2068 669 2141 blicae
702 2114 723 2143 ,
752 2092 941 2155 neque
975 2076 1172 2133 omnia
1208 2076 1268 2132 in
1307 2095 1425 2135 uno
1473 2094 1734 2154 reponen
1773 2097 1808 2136 a
1830 2097 1849 2136 z

494 2148 908 2234 adjecissetque
926 2198 945 2227 ,
968 2155 1014 2213 si
1079 2154 1176 2213 uid
1199 2154 1329 2213 huic
1355 2154 1653 2228 acciderit,
1673 2176 1852 2237 quem

494 2231 557 2305 in
604 2230 727 2313 ejus
782 2234 977 2295 locum
1028 2176 1368 2295 Hibstituetis
1418 2236 1440 2296 ?
1487 2234 1852 2299 succlamavit

492 2312 759 2383 universa
788 2316 994 2375 concio
1017 2358 1037 2388 ‚
1074 2318 1147 2375 Te
1169 2360 1188 2387 ‚
1229 2318 1303 2397 Q.
1331 2316 1536 2377 Catule.
1569 2314 1728 2377 Tum
1747 2317 1850 2379 ille

492 2392 675 2454 trians
697 2394 967 2455 consensu
989 2398 1284 2469 omnium,
1303 2399 1369 2458 &
1387 2413 1502 2458 tam
1520 2395 1850 2461 honorifico

491 2473 739 2547 'civitatis
774 2472 1107 2535 testimonio
1137 2522 1156 2551 ,
1197 2496 1230 2536 e
1261 2479 1544 2539 concione
1575 2478 1851 2541 discessit.

488 2550 608 2617 Hic
646 2552 895 2613 hominis
938 2558 1348 2618 verecundiam
1375 2602 1394 2631 ,
1441 2559 1642 2639 populi
1684 2556 1850 2638 justi-

489 2632 627 2716 tiam
662 2636 848 2694 mirari
880 2634 1023 2696 libet
1057 2659 1072 2697 :
1108 2636 1316 2718 hujus,
1348 2638 1508 2719 quod
1545 2660 1663 2699 non
1697 2639 1848 2701 ultr&

489 2715 787 2777 contendit
823 2737 845 2794 3
872 2717 1062 2799 plebis
1085 2762 1106 2793 ,
1139 2719 1300 2802 quod
1333 2718 1743 2785 diffuadentem
1777 2722 1850 2787 δε
