2067 3667
357 1950 362 1954 ·
456 1923 635 2008 ·Quid
672 1947 865 1990 autem
898 1932 957 1989 in
998 1931 1074 1989 de

472 280 566 367 64
714 281 787 348 L.
840 261 1205 347 ANNAEJ
1253 279 1553 347 From

468 398 774 480 relifflique
806 398 1036 469 Roma,
1078 395 1449 478 Campaniam
1480 395 1826 459 Tarentums

472 489 919 562 que¹peragrare
950 500 963 538 :
998 480 1094 538 ubi
1126 499 1262 538 mox
1291 479 1355 540 &
1382 477 1500 560 ipse
1523 521 1541 550 ,
1569 479 1633 540 δι
1657 499 1825 538 exer-

470 559 612 620 citfis
642 561 813 620 ardor
845 561 1136 642 elanguit;
1159 560 1306 618 adeo
1339 579 1403 618 ut
1433 560 1575 619 vere
1606 558 1823 619 dietum

472 642 545 702 sit
583 661 601 701 ε
646 643 889 722 Capuam
930 641 1208 701 Annibali
1256 641 1475 700 Cannas
1498 637 1685 720 ficff.
1734 637 1823 698 Si-

470 720 709 802 quidem
742 720 1008 782 invielum
1042 719 1288 801 Alpibus
1311 763 1329 790 ‚
1353 719 1699 780 indomitum
1733 736 1822 778 ar-²

468 803 581 860 mis
604 847 621 875 ,
660 799 995 884 Campaniae
1027 799 1197 882 (quis
1225 801 1490 860 crederet
1520 801 1590 882 ?)
1628 800 1777 861 soles
1797 843 1819 873 ‚

470 883 537 943 &
571 900 836 964 tepentes
869 881 1120 942 fontibus
1153 881 1305 941 Baiae
1342 879 1697 964 subegerunt.
1728 879 1822 940 In-

469 965 641 1022 terim
666 962 936 1044 respirare
968 961 1263 1022 Romanus
1285 1004 1304 1034 ‚
1341 963 1406 1022 &
1442 965 1604 1043 quasi
1630 962 1700 1021 ab
1730 963 1822 1020 in-

472 1040 605 1104 feris
640 1062 955 1124 emergere.
995 1042 1176 1102 Arma
1205 1063 1325 1102 non
1351 1060 1548 1103 erant:
1573 1041 1822 1103 detraela

470 1122 595 1184 sunt
628 1125 876 1206 templis,
915 1121 1136 1184 Deerat
1178 1121 1450 1202 juventus
1491 1144 1504 1182 :
1545 1127 1603 1183 in
1645 1121 1820 1184 sacra-

469 1221 730 1265 mentum
776 1206 992 1264 militiae
1037 1203 1270 1263 liberata
1316 1201 1560 1263 servitia.
1602 1203 1823 1286 Egebat

469 1286 767 1345 aerarium:
800 1306 945 1365 opes
984 1283 1106 1344 suas
1137 1285 1320 1344 libens
1354 1283 1574 1344 senatus
1601 1287 1661 1343 in
1698 1305 1824 1346 me·

469 1363 629 1424 dium
652 1367 890 1446 protulit
903 1385 925 1438 3
945 1385 1053 1423 nec
1086 1380 1294 1445 praeter
1323 1366 1481 1446 quod
1515 1369 1573 1424 in
1601 1365 1773 1425 bullis
1797 1410 1821 1440 ,

452 1444 811 1528 ,singulisque
862 1445 1079 1505 annulis
1131 1460 1250 1504 erat
1283 1490 1302 1518 ,
1355 1445 1662 1526 quidquam
1711 1447 1822 1507 sibi

468 1528 588 1585 auri
608 1527 908 1610 reliquere.
936 1525 1129 1608 Eques
1152 1525 1208 1585 se
1253 1543 1420 1585 uutus
1453 1526 1818 1607 exemplum,

468 1608 816 1690 imitataeque
867 1611 1122 1690 equitem
1162 1609 1234 1666 tri
1275 1628 1357 1668 us.
1404 1605 1675 1688 Denique
1715 1610 1819 1668 vix

467 1686 743 1750 suffecere
792 1690 1044 1762 tabulae,
1079 1690 1180 1750 vix
1218 1687 1523 1748 scribarum
1570 1697 1820 1759 manus„
1877 1707 1882 1714 ·

465 1766 707 1829 Laevino
753 1769 1154 1852 Marcelloque
1204 1768 1524 1830 consulibus
1565 1814 1584 1842 ,
1638 1789 1820 1850 quum

464 1851 701 1930 privatae
763 1871 905 1930 opes
964 1853 1023 1909 in
1127 1850 1380 1909 ublicum
1439 1847 1816 1915 deferrentur.

1076 1872 1318 2012 figendis
1353 1929 1770 2012 magistratibus
1794 1975 1816 2005 ,

468 2031 597 2092 quae
620 2013 999 2070 centuriarum
1018 2010 1287 2092 sapientia
1306 2055 1324 2084 ,
1362 2033 1544 2093 quum
1562 2010 1816 2090 juniores

467 2113 501 2149 a
532 2089 847 2152 senioribus
881 2093 1181 2154 consilium
1217 2091 1290 2151 de
1325 2093 1581 2152 creandis
1614 2092 1818 2153 consu-

465 2169 615 2232 libus
654 2175 911 2254 petivere
945 2173 969 2234 ἓ
1000 2172 1243 2254 Quippe
1281 2172 1552 2232 adversus
1589 2172 1817 2234 hostem

462 2257 637 2314 toties
679 2253 955 2314 vietor-em
980 2299 999 2326 ‚
1040 2271 1154 2312 tam
1194 2253 1462 2313 callidum
1490 2299 1510 2328 ‚
1549 2275 1666 2314 non
1703 2257 1817 2314 vir-

465 2351 588 2392 tute
623 2337 839 2393 tanturn
862 2380 881 2407 ,
916 2332 1015 2394 sed
1040 2334 1151 2395 suis
1183 2337 1356 2394 etiam
1392 2355 1646 2416 pugnare
1670 2355 1814 2395 con-

470 2413 603 2473 siliis
642 2415 968 2494 oportebat.
1014 2414 1202 2474 Prima
1238 2415 1529 2474 redeuntis
1554 2461 1573 2489 ,
1611 2416 1713 2486 &‚
1747 2431 1814 2476 ut

465 2497 547 2554 sic
598 2495 841 2554 dixerim
884 2539 904 2568 ‚
959 2495 1349 2556 reviviscentis
1409 2497 1634 2576 imperii
1685 2495 1816 2577 spes

463 2573 667 2635 Fabius
698 2573 805 2634 fuit
833 2598 852 2649 ;
888 2577 985 2657 qui
1016 2595 1230 2634 novam
1267 2575 1341 2634 de
1369 2574 1655 2636 Annibale
1677 2578 1816 2636 ‘vic-

463 2657 669 2715 toriam
698 2671 1058 2716 commentus
1079 2653 1193 2727 est,
1213 2677 1332 2718 non
1356 2677 1630 2740 pugnare.
1653 2656 1816 2717 Hinc‘

461 2735 543 2798 illi
576 2755 901 2822 cognomen
922 2758 1148 2804 novum
1167 2781 1187 2813 ‚
1221 2739 1286 2804 δι
1319 2737 1644 2820 reipublice
1671 2735 1818 2813 salue
