2067 3667
557 247 701 332 ι’,ι
750 277 803 329 Β
853 279 902 328 ε
950 279 1002 330 n
1101 263 1241 332 JV.
1455 217 1596 361 155

228 375 553 461 positisque
590 381 850 438 cominus
888 377 1080 440 castris
1106 425 1126 454 ‚
1167 377 1394 442 diversa
1427 397 1602 446 erant.

234 461 453 522 ducum
488 459 744 522 consilia.
777 458 967 521 Caesar
998 481 1110 542 pro
1147 480 1348 522 natura
1385 460 1590 536 ferox,

232 543 305 604 &
362 541 738 602 conficiendae
798 543 883 602 rei
940 542 1184 623 cupidus
1223 585 1246 616 ‚
1297 540 1590 606 ostentare

230 623 421 685 aciem
444 668 462 692 ,
502 640 823 703 provocare
842 667 862 696 ,
900 621 1164 684 lacessere
1201 645 1222 696 3
1251 643 1402 684 nunc
1432 624 1589 684 obsi-

232 703 411 765 dione
452 701 762 765 castrorum
795 747 815 776 ‚
904 724 991 762 uae
1028 703 1288 764 sedecim
1341 704 1590 767 millium

232 783 391 845 vallo
446 785 769 845 obduxerat
826 782 853 864 (
898 784 971 844 ed
1024 785 1166 866 quid
1224 786 1310 844 his
1362 783 1588 848 obesset

234 865 465 926 obsidio
498 901 517 935 ³
562 868 662 947 qui
702 881 937 947 patente
978 867 1123 924 mari
1169 865 1440 924 omnibus
1481 887 1593 927 co-

274 946 339 1004 iis
388 945 743 1006 abundarent
786 945 857 1026 ?)
923 965 1075 1006 nunc
1145 949 1590 1028 oppugnatione

232 965 586 1107 Byrrhachii
638 1026 794 1086 irrita
836 1025 1105 1108 (quippe
1156 1047 1330 1108 quam
1371 1027 1472 1086 vel
1509 1031 1588 1088 si-

230 1123 323 1166 tus
362 1106 865 1190 inexpugnabilem
917 1105 1182 1189 faceret)
1223 1108 1297 1167 ad
1342 1107 1454 1169 hoc
1498 1131 1584 1170 as·-

232 1187 407 1260 siduis
440 1191 497 1249 in
534 1190 837 1268 eruptione
879 1186 1129 1248 hostium
1169 1187 1386 1268 proeliis
1425 1188 1582 1272 (quo

229 1286 497 1351 tempore
538 1271 767 1351 egregia
805 1271 987 1329 virtus
1026 1266 1242 1329 Scaevae
1285 1273 1590 1330 centurio-

228 1352 317 1410 nis
360 1351 600 1424 enituit,
640 1347 799 1429 cujus
834 1352 895 1408 in
930 1348 1092 1411 scuto
1131 1345 1366 1410 centum
1403 1367 1580 1432 atque

228 1433 455 1512 vigiinti
482 1430 599 1492 tela
637 1427 877 1512 sedere)
917 1428 1036 1510 jam
1072 1431 1218 1492 verb
1256 1431 1586 1513 'direptione

229 1513 457 1574 urbium
512 1510 795 1572 sociarum
832 1553 853 1582 ,
954 1531 1094 1570 uum
1145 1510 1394 1571 Oricum
1430 1555 1450 1584 ‚
1515 1513 1581 1572 δι

228 1592 541 1674 Gomphos
562 1638 587 1664 ‚
621 1593 691 1655 δι.
727 1592 833 1654 'alia
862 1533 1092 1652 egilem·
1114 1589 1418 1652 Thess'aliae
1451 1589 1583 1652 vas·

226 1692 387 1736 taret.
445 1674 755 1754 Pompeius
826 1670 1104 1734 adversus
1171 1671 1296 1731 haec
1351 1671 1584 1734 nthere

226 1777 417 1816 moras
436 1799 457 1828 ‚
502 1751 899 1837 tergiversari,
938 1753 1110 1815 simul
1137 1769 1202 1813 ut
1239 1751 1468 1814 hostem
1495 1755 1582 1813 in-

226 1835 535 1900 terclusum
586 1835 843 1917 undique
900 1834 1102 1914 inopia
1155 1852 1588 1894 commeatuum

226 1934 439 1978 tereret
466 1963 494 1990 ‚
530 1936 711 1999 utque
748 1916 1132 1976 ardentissimi
1172 1915 1332 1976 ducis
1375 1913 1586 1975 conse-

224 1997 484 2059 nesceret
512 2001 783 2081 impetus.
820 1995 947 2058 Nec
978 1997 1190 2055 diutius
1222 1994 1442 2078 profuit
1469 1996 1580 2054 du-

224 2082 280 2140 ci
324 2079 563 2140 salutare
602 2079 932 2140 consilium.
966 2077 1144 2138 Miles
1186 2079 1406 2148 otium,
1438 2073 1582 2135 socii

223 2181 494 2234 moram,
538 2163 827 2242 principes
866 2159 1148 2218 ambitum
1191 2157 1351 2216 ducis
1389 2159 1580 2216 incre-

223 2243 452 2324 pabant.
498 2240 591 2302 Sic
633 2240 1114 2322 praecipitantibus
1157 2237 1320 2308 fatis,
1368 2236 1582 2317 proelio

222 2323 347 2382 sum
416 2345 447 2382 a
474 2321 557 2382 est
584 2320 867 2384 Theffalia
897 2342 917 2394 ;
957 2321 1023 2382 &
1058 2317 1388 2398 Philippicis
1429 2337 1582 2390 cam·

221 2407 315 2486 pis
412 2405 525 2464 this
548 2447 567 2476 ‚
602 2403 874 2484 imperii,
920 2401 1144 2482 generis
1187 2399 1422 2459 humani
1460 2395 1580 2458 fata

119 2509 127 2514 ·
222 2483 517 2544 commissa
547 2483 695 2544 sunt.
726 2481 887 2542 Num
926 2502 1062 2541 uam
1101 2501 1220 2542 uno
1258 2479 1400 2540 loco
1441 2496 1577 2538 tan-

218 2581 349 2626 tum
390 2567 605 2626 virium
647 2563 851 2647 populi
942 2552 1137 2622 omani
1160 2603 1190 2633 ‚.
1221 2577 1444 2622 tantum
1484 2560 1576 2618 di-

218 2648 451 2728 gnitatis
506 2645 737 2708 fortuna
778 2643 927 2707 vidit
963 2686 985 2715 ‚
1030 2657 1290 2702 trecenta
1329 2639 1580 2719 amplius

216 2726 401 2790 millia
440 2727 573 2790 hine
608 2727 767 2791 illinc
792 2770 817 2802 ,
850 2741 1057 2807 prater
1095 2723 1310 2811 auxilia
1335 2741 1574 2802 regum,
