2067 3667
415 298 689 371 HJST.
741 302 1046 372 LIBER
1093 302 1246 373 I.I.=
1399 325 1490 401 ²9

137 418 376 481 dentem
420 438 493 479 ex
539 417 684 481 Asia
768 418 1129 481 roconsulem
1175 422 1498 491 interemisg-

136 499 239 561 set.
268 498 342 561 Et
360 498 423 561 P.
444 498 639 581 Scipio
660 501 717 560 A
748 503 968 560 ricanus
986 498 1330 561 AEmilianus
1349 547 1368 576 ,
1394 504 1495 584 qui

137 578 549 722 Carthaginem
586 580 915 655 deleverat,
948 581 1079 664 post
1111 599 1198 643 tot
1228 601 1493 663 acceptas

133 664 287 723 circa
386 663 703 723 umantiam
740 663 933 723 clades
956 709 973 733 ‚
1016 682 1242 725 creatus
1279 666 1492 724 iterum

134 741 377 814 consul,
413 740 715 824 missusque
743 744 801 801 in
836 742 1167 823 Hispaniam
1190 789 1210 818 ,
1246 742 1490 805 fortunae

133 825 485 905 virtutique,
521 840 775 905 expertae
817 826 875 883 in
908 823 1108 884 Africa
1137 868 1158 897 ,
1196 824 1493 905 respondit

130 906 193 963 in
226 902 542 986 Hispania;
574 906 639 966 &
668 906 815 963 intra
842 925 1054 963 annum
1085 927 1148 964 ac
1181 923 1297 965 tres
1329 925 1492 966 men-

129 983 220 1044 ses
245 1028 266 1057 ‚
332 984 464 1044 uam
499 986 571 1044 eb
604 1001 843 1045 venerat
861 1030 885 1056 ,
911 986 1322 1045 circumdatam
1349 1006 1492 1067 ope-

127 1065 293 1125 ribus
380 1065 691 1125 umantiam
722 1064 1085 1145 excisamque
1120 1068 1368 1145 aequavit
1403 1066 1492 1126 so⁴

126 1144 191 1205 lo
226 1167 241 1207 z
276 1166 383 1207 nec
424 1143 719 1226 quisquam
757 1145 927 1205 ullius
969 1148 1153 1227 gentis
1185 1146 1491 1207 hominum

126 1242 269 1303 ante
305 1246 439 1290 eum
471 1225 709 1287 clariore
749 1225 975 1286 urbium
1011 1226 1236 1287 excidio
1270 1248 1490 1287 nomen

126 1306 297 1367 suum
339 1312 641 1388 'perpetuae
690 1307 1124 1367 commendavit
1169 1310 1490 1371 memoriae.

128 1385 382 1468 Quippe
403 1431 421 1459 ‚
455 1387 647 1447 excisii
667 1384 1012 1469 Carthagine
1045 1409 1109 1447 ac
1133 1386 1445 1448 Numantia
1465 1432 1490 1463 ,

126 1469 201 1529 ab
250 1468 483 1527 alterius
516 1488 623 1528 nos
660 1488 821 1529 metu
842 1512 863 1541 ‚
903 1468 1133 1529 alterius
1165 1470 1490 1529 vindicavit

126 1548 522 1609 contumeliis.
575 1547 732 1623 Hic,
781 1568 915 1608 eum
953 1551 1343 1631 interrogante
1385 1551 1493 1607 tri-

122 1630 297 1691 buno
321 1626 594 1690 Carbone
616 1672 639 1701 ,
678 1630 815 1707 quid
846 1632 910 1689 cle
939 1630 1056 1689 Tib.
1083 1630 1322 1689 Gracchi
1351 1630 1491 1688 caede

110 1709 398 1791 flacit-et?
432 1707 765 1787 respondit,
800 1712 850 1767 si
880 1712 933 1769 is
965 1712 1288 1790 occupanda:
1323 1712 1394 1769 rei
1431 1731 1494 1769 u·

123 1793 293 1853 blicae
333 1792 572 1853 animum
614 1788 879 1869 hahuifflt
898 1835 922 1861 ,
952 1784 1080 1871 jure
1120 1788 1328 1869 caefitm.
1421 1808 1489 1863 t,

122 1892 319 1954 quum
340 1874 527 1933 omnis
546 1873 751 1932 concio
769 1869 1130 1931 adclamaffet
1157 1894 1172 1931 ι
1194 1872 1447 1953 Hostium
1466 1916 1488 1947 ,

118 1954 320 2037 inquit
340 1997 361 2026 ‚
396 1970 717 2013 armatorum
756 1953 911 2011 toties
941 1952 1170 2012 clamore
1200 1950 1305 2013 πότι
1342 1955 1491 2011 terri-

117 2036 217 2096 {tus
242 2080 263 2105 ,
308 2033 413 2113 qui
428 2030 638 2114 pofficm
672 2034 835 2115 vestro
873 2030 1072 2093 moveri
1090 2077 1112 2103 ,
1140 2054 1357 2111 quorum
1389 2055 1490 2092 no-

117 2137 291 2177 verca
328 2115 397 2195 est
428 2114 601 2174 Italia
620 2115 655 2171 ?
684 2111 971 2173 Reversus
1002 2116 1061 2170 in
1093 2112 1316 2172 Urbem
1337 2157 1360 2182 ,
1396 2115 1492 2170 in-

114 2212 211 2261 tra
248 2194 440 2253 breve
471 2210 698 2273 ternpus
720 2238 737 2262 ‚
771 2192 877 2252 Μ’.
895 2191 1154 2272 Aquinio
1178 2236 1196 2261 ,
1225 2189 1298 2252 C.
1328 2188 1494 2251 Sem-

111 2278 347 2359 pronio
391 2272 528 2334 coss'.
568 2272 774 2333 abhinc
812 2293 1004 2331 annos·
1040 2287 1270 2330 centum
1319 2274 1491 2353 quin-

112 2357 407 2439 quaginta
435 2399 456 2428 ,
500 2352 630 2435 post
672 2353 817 2413 duos
862 2351 1180 2413 consulatus
1230 2350 1488 2434 duosque

106 2434 460 2518 triumphos
480 2478 501 2507 ,
540 2436 604 2497 δι
637 2433 728 2495 bis
765 2432 981 2493 excisos
1014 2450 1261 2494 terrores
1297 2435 1490 2513 reipu-

106 2518 297 2580 blicae
323 2560 346 2589 ,
383 2516 551 2575 mane
583 2516 642 2573 in
676 2513 885 2576 lestulo
919 2522 1183 2596 repertus
1216 2510 1297 2575 est
1328 2536 1490 2576 mor-

107 2616 255 2661 tuus
280 2642 305 2673 ,
352 2598 430 2656 ita
461 2612 525 2657 ut
554 2596 820 2678 quaedam
852 2594 1111 2655 elisarum
1144 2594 1394 2655 faucium
1429 2598 1490 2656 in

105 2680 367 2741 cervice
414 2696 475 2735 re
521 2678 797 2735 erirentur
835 2694 1009 2736 notae.
1054 2673 1154 2735 De
1192 2678 1333 2735 tanti
1376 2677 1492 2739 viri

106 2777 325 2825 morte
372 2756 473 2821 nul
500 2778 531 2817 a
574 2757 765 2819 habita
807 2754 889 2818 est
929 2752 1490 2897 quaesti‹1›3;·3iusque

1224 2856 1286 2915 111
