2067 3667
578 297 716 390 164
860 295 938 370 L.
988 299 1354 372 Amat
1404 245 1706 370 Fron

569 419 743 481 rudes
775 461 796 494 ‚
838 418 905 482 &
948 419 1157 500 nuperi
1206 437 1242 478 a
1292 414 1459 499 sylva
1501 455 1522 489 ,-
1575 407 1928 480 consternati

574 499 763 561 subito
790 500 1060 582 clangore
1092 521 1115 560 τ
1137 497 1324 559 statim
1353 500 1417 560 &
1448 499 1508 556 in
1535 495 1736 580 fugam
1761 519 1930 560 exer-

573 583 721 641 citus
741 626 761 655 ‚
792 600 901 641 nec
952 580 1130 640 duces
1162 577 1365 640 fortius
1383 624 1403 652 ‚
1440 577 1613 660 quam
1657 595 1721 639 ut
1759 579 1930 662 fuge·

572 678 740 734 rent,
774 682 892 722 non
927 657 1298 741 inconspicua
1331 677 1528 719 tamen
1569 676 1758 719 morte
1797 679 1931 720 om·

572 743 750 802 nium.
786 740 911 802 Jam
946 739 1140 822 Scipio
1179 759 1328 801 nave
1363 739 1615 821 fugiebat
1650 763 1666 799 ι
1701 735 1804 800 sed
1841 738 1932 799 as·
2047 724 2049 820 ξ

570 819 825 903 sequutis
862 841 993 882 eum
1037 819 1294 882 hostibus
1326 865 1347 894 ‚
1383 819 1633 902 gladium
1667 840 1776 900 per
1813 819 1932 882 vis·
2047 831 2049 842 ²

574 912 709 962 cera
734 903 965 983 exegit3
992 903 1058 963 &
1075 947 1092 971 ‚
1119 902 1217 962 ubi
1249 899 1420 973 esset,
1449 901 1703 982 quodam
1729 902 1934 982 requi-

450 1045 455 1049 ,
574 999 741 1043 rente
764 1025 783 1055 ‚
823 980 1118 1063 respondit
1143 982 1256 1042 hoc
1290 979 1472 1062 ipsum
1508 1023 1527 1055 ‚
1561 984 1711 1042 Bene
1725 979 1792 1060 se
1825 984 1930 1040 ha-

575 1063 662 1122 het
704 1063 1011 1143 Imperator.
1061 1060 1207 1122 Juba
1239 1102 1259 1133 ,
1310 1081 1489 1143 quum
1528 1059 1586 1121 se
1625 1060 1932 1142 recepisset

574 1143 635 1201 in
660 1145 876 1224 regiam
894 1188 916 1215 ,
951 1140 1252 1224 magnifice
1287 1141 1548 1224 epulatus
1579 1139 1664 1201 est
1694 1139 1932 1221 postero

574 1223 669 1283 die
704 1243 835 1284 cum
869 1222 1096 1284 Petreio
1140 1222 1289 1306 fugae
1329 1223 1543 1282 comite
1576 1265 1598 1294 ,
1639 1219 1931 1304 superque

572 1301 796 1363 mensas
854 1305 921 1365 &
974 1304 1183 1385 pocula
1239 1301 1699 1364 interficiendum
1756 1302 1816 1362 se
1877 1304 1933 1364 ei

574 1383 836 1465 praebuit.
885 1381 988 1444 Ille
1040 1385 1105 1444 &
1154 1384 1275 1465 regi
1321 1380 1542 1442 suffecit
1573 1427 1596 1454 ,
1641 1383 1708 1443 &
1763 1384 1874 1443 sibi
1911 1405 1931 1457 ;

574 1483 753 1544 quum
802 1465 1033 1524 interim
1072 1462 1273 1523 semesi
1319 1465 1377 1523 in
1418 1462 1614 1523 medio
1663 1461 1780 1523 cibi
1801 1503 1822 1534 ,
1863 1464 1930 1524 &

574 1543 880 1626 parentalia
930 1542 1148 1604 fercula
1194 1546 1356 1626 regio
1400 1543 1572 1604 simul
1623 1541 1936 1605 Romano-

574 1645 689 1705 que
730 1623 1001 1706 sanguine
1034 1624 1356 1700 madebant.
1401 1622 1552 1684 Cato
1601 1645 1723 1684 non
1759 1627 1935 1685 inter·

574 1703 681 1766 fuit
713 1704 868 1766 bello
897 1727 916 1778 3
949 1704 1260 1787 positisque
1288 1705 1441 1784 apud
1465 1703 1784 1786 Bagradam
1807 1703 1934 1764 cas·

574 1787 675 1845 tris
706 1832 727 1862 ,
773 1786 1004 1846 Uticam
1044 1833 1062 1861 ‚
1097 1786 1258 1846 velut
1300 1786 1474 1845 altera
1513 1783 1728 1845 Africae
1771 1786 1938 1846 clau·

575 1863 685 1926 stra
735 1865 1017 1927 servabat.
1065 1864 1182 1926 Sed
1228 1867 1464 1946 accepta
1492 1867 1762 1960 ‘partium
1813 1867 1934 1927 cla·
2054 1889 2055 1892 ¹

576 1947 693 2020 de,
732 1948 874 2007 nihil
914 1945 1203 2006 cunciatus
1242 1991 1262 2020 ,
1302 1965 1366 2006 ut
1393 1946 1642 2027 sapiente
1688 1947 1936 2028 dignum

576 2044 697 2088 erat
718 2073 737 2101 ‚
787 2046 1041 2088 mortem
1097 2031 1270 2088 etiam
1312 2029 1472 2088 laetus
1515 2029 1738 2087 accivit.
1773 2027 1935 2089 Nam

576 2106 881 2192 postquam
922 2107 1106 2168 filium
1151 2107 1502 2188 comitesque
1543 2106 1616 2167 ab
1655 2109 1933 2189 amplexu

553 2190 793 2250 -dimisit
824 2233 845 2261 ‚
882 2191 941 2248 in
974 2189 1140 2250 noae
1176 2185 1326 2249 leae
1365 2189 1437 2248 ad
1475 2189 1764 2250 lucernam
1805 2188 1937 2248 Pla·

574 2273 731 2330 tonis
780 2269 926 2330 libro
960 2314 980 2343 ‚
1032 2271 1132 2352 qui
1180 2269 1668 2329 immortalitatem
1720 2272 1936 2330 animae

576 2349 792 2423 docet,
830 2349 1124 2432 paululum
1156 2352 1382 2431 quievit
1417 2367 1595 2410 :-tum
1627 2353 1773 2409 circa
1805 2351 1939 2430 pri-

576 2451 734 2489 mam
789 2431 1051 2512 vigiliam
1105 2429 1292 2491 stricio
1355 2430 1544 2512 gladio
1603 2431 1938 2492 revelatum

553 2531 749 2570 .manu
788 2510 987 2591 pecias
1032 2508 1210 2570 semel
1255 2515 1578 2592 iterumque
1621 2513 1936 2592 percussit.

575 2590 725 2651 Ausi
767 2589 897 2672 post
946 2590 1059 2651 hoc
1101 2594 1291 2652 virum
1327 2593 1536 2652 medici
1575 2591 1793 2651 violare
1835 2589 1942 2651 fo·

576 2673 801 2731 mentis,
860 2669 967 2732 Ille
1029 2669 1214 2755 passus
1252 2716 1272 2747 ‚
1331 2673 1472 2732 dum
1517 2670 1937 2745 abscederent,

576 2749 803 2814 rescidit
838 2753 1029 2838 plagas
1064 2775 1086 2830 3
1122 2752 1474 2838 sequutaque
1507 2755 1572 2819 vi
1609 2752 1896 2838 sanguinis
1911 2795 1938 2828 ,
